
    <record>
        <leader>02611cam a2200601 c 4500</leader>
        <controlfield tag="001">990717313854702202</controlfield>
        <controlfield tag="003">BIBSYS</controlfield>
        <controlfield tag="005">20230531165516.0</controlfield>
        <controlfield tag="007">cr||||||||||||</controlfield>
        <controlfield tag="007">ta</controlfield>
        <controlfield tag="008">131001s2007    no#||||| |||||000|f|nob| </controlfield>
        <datafield tag="014" ind1="1" ind2=" ">
            <subfield code="a">071731385</subfield>
            <subfield code="b">(NO-TrBIB)</subfield>
        </datafield>
        <datafield tag="014" ind1="1" ind2=" ">
            <subfield code="a">071731385</subfield>
            <subfield code="b">(NO-TrBIB)</subfield>
        </datafield>
        <datafield tag="015" ind1=" " ind2=" ">
            <subfield code="a">0715822</subfield>
            <subfield code="2">nbf</subfield>
        </datafield>
        <datafield tag="020" ind1=" " ind2=" ">
            <subfield code="a">9788205367739</subfield>
            <subfield code="q">h.</subfield>
            <subfield code="c">Nkr 99.00</subfield>
        </datafield>
        <datafield tag="035" ind1=" " ind2=" ">
            <subfield code="a">(EXLNZ-47BIBSYS_NETWORK)990717313854702201</subfield>
        </datafield>
        <datafield tag="035" ind1=" " ind2=" ">
            <subfield code="a">(NO-TrBIB)071731385</subfield>
        </datafield>
        <datafield tag="035" ind1=" " ind2=" ">
            <subfield code="a">(NO-TrBIB)13147975x</subfield>
        </datafield>
        <datafield tag="035" ind1=" " ind2=" ">
            <subfield code="a">071731385-47bibsys_network</subfield>
        </datafield>
        <datafield tag="035" ind1=" " ind2=" ">
            <subfield code="a">07ga61798-47bibsys_nb</subfield>
        </datafield>
        <datafield tag="035" ind1=" " ind2=" ">
            <subfield code="a">07sa17700-47bibsys_nb</subfield>
        </datafield>
        <datafield tag="040" ind1=" " ind2=" ">
            <subfield code="a">NO-OsNB</subfield>
            <subfield code="b">nob</subfield>
            <subfield code="e">katreg</subfield>
        </datafield>
        <datafield tag="041" ind1="1" ind2=" ">
            <subfield code="h">eng</subfield>
        </datafield>
        <datafield tag="042" ind1=" " ind2=" ">
            <subfield code="a">norbibl</subfield>
        </datafield>
        <datafield tag="044" ind1=" " ind2=" ">
            <subfield code="c">no</subfield>
        </datafield>
        <datafield tag="082" ind1="7" ind2="4">
            <subfield code="a">813</subfield>
            <subfield code="q">NO-OsNB</subfield>
            <subfield code="2">5/nor</subfield>
        </datafield>
        <datafield tag="100" ind1="1" ind2=" ">
            <subfield code="a">McCarthy, Cormac</subfield>
            <subfield code="d">1933-2023</subfield>
            <subfield code="0">(NO-TrBIB)90348328</subfield>
        </datafield>
        <datafield tag="245" ind1="1" ind2="0">
            <subfield code="a">Ikke et land for gamle menn</subfield>
            <subfield code="c">Cormac McCarthy ; oversatt fra engelsk av Knut Ofstad</subfield>
        </datafield>
        <datafield tag="246" ind1="1" ind2=" ">
            <subfield code="a">No country for old men</subfield>
            <subfield code="i">Originaltittel</subfield>
        </datafield>
        <datafield tag="260" ind1=" " ind2=" ">
            <subfield code="a">[Oslo]</subfield>
            <subfield code="b">Gyldendal</subfield>
            <subfield code="c">2007</subfield>
        </datafield>
        <datafield tag="300" ind1=" " ind2=" ">
            <subfield code="a">229 s.</subfield>
        </datafield>
        <datafield tag="490" ind1="1" ind2=" ">
            <subfield code="a">Gyldendal pocket</subfield>
        </datafield>
        <datafield tag="500" ind1=" " ind2=" ">
            <subfield code="a">1. norske utg. 2006</subfield>
        </datafield>
        <datafield tag="533" ind1=" " ind2=" ">
            <subfield code="a">Elektronisk reproduksjon</subfield>
            <subfield code="b">[Norge]</subfield>
            <subfield code="c">Nasjonalbiblioteket Digital</subfield>
            <subfield code="d">2013-03-20</subfield>
        </datafield>
        <datafield tag="655" ind1=" " ind2="7">
            <subfield code="a">Romaner</subfield>
            <subfield code="0">(uri)https://id.nb.no/vocabulary/ntsf/258</subfield>
            <subfield code="2">ntsf</subfield>
        </datafield>
        <datafield tag="700" ind1="1" ind2=" ">
            <subfield code="a">Ofstad, Knut</subfield>
            <subfield code="4">trl</subfield>
        </datafield>
        <datafield tag="830" ind1=" " ind2="0">
            <subfield code="a">Gyldendal pocket</subfield>
        </datafield>
        <datafield tag="852" ind1="8" ind2=" ">
            <subfield code="b">0030100</subfield>
            <subfield code="c">g00005</subfield>
            <subfield code="h">NA/A 2007:8605</subfield>
        </datafield>
        <datafield tag="852" ind1="8" ind2=" ">
            <subfield code="b">0183334</subfield>
            <subfield code="c">g00001</subfield>
            <subfield code="h">c</subfield>
        </datafield>
        <datafield tag="856" ind1="4" ind2="0">
            <subfield code="3"/>
            <subfield code="y">NB Digital</subfield>
            <subfield code="u">http://urn.nb.no/URN:NBN:no-nb_digibok_2013032006025</subfield>
            <subfield code="z"/>
        </datafield>
        <datafield tag="856" ind1="4" ind2="1">
            <subfield code="3">Fulltekst</subfield>
            <subfield code="u">https://urn.nb.no/URN:NBN:no-nb_digibok_2013032006025</subfield>
            <subfield code="y">Nettbiblioteket</subfield>
            <subfield code="z">Digital representasjon</subfield>
        </datafield>
        <datafield tag="856" ind1="4" ind2="2">
            <subfield code="3">Forlagets beskrivelse (kort)</subfield>
            <subfield code="u">https://contents.bibs.aws.unit.no/?isbn=8205367736</subfield>
        </datafield>
        <datafield tag="856" ind1="4" ind2="2">
            <subfield code="3">Forlagets beskrivelse (kort)</subfield>
            <subfield code="u">https://contents.bibs.aws.unit.no/?isbn=9788205367739</subfield>
        </datafield>
        <datafield tag="856" ind1="4" ind2="2">
            <subfield code="3">Forlagets beskrivelse (lang)</subfield>
            <subfield code="u">https://contents.bibs.aws.unit.no/content/?isbn=9788205367739</subfield>
        </datafield>
        <datafield tag="856" ind1="4" ind2="2">
            <subfield code="3">Miniatyrbilde</subfield>
            <subfield code="u">https://contents.bibs.aws.unit.no/files/images/small/9/3/9788205367739.jpg</subfield>
            <subfield code="q">image/jpeg</subfield>
        </datafield>
        <datafield tag="856" ind1="4" ind2="2">
            <subfield code="3">Omslagsbilde</subfield>
            <subfield code="u">https://contents.bibs.aws.unit.no/files/images/large/9/3/9788205367739.jpg</subfield>
            <subfield code="q">image/jpeg</subfield>
        </datafield>
        <datafield tag="856" ind1="4" ind2="2">
            <subfield code="3">Originalt bilde</subfield>
            <subfield code="u">https://contents.bibs.aws.unit.no/files/images/original/9/3/9788205367739.jpg</subfield>
            <subfield code="q">image/jpeg</subfield>
        </datafield>
        <datafield tag="859" ind1=" " ind2=" ">
            <subfield code="a">0030100</subfield>
            <subfield code="b">g00005</subfield>
            <subfield code="c">NA/A 2007:8605</subfield>
            <subfield code="f">0</subfield>
            <subfield code="h">0</subfield>
            <subfield code="x">2015-10-31</subfield>
        </datafield>
        <datafield tag="859" ind1=" " ind2=" ">
            <subfield code="a">0183334</subfield>
            <subfield code="b">g00001</subfield>
            <subfield code="c">c</subfield>
            <subfield code="f">0</subfield>
            <subfield code="h">0</subfield>
            <subfield code="x">2015-10-31</subfield>
        </datafield>
        <datafield tag="876" ind1=" " ind2=" ">
            <subfield code="a">07ga61798</subfield>
            <subfield code="d">20071205</subfield>
            <subfield code="j">kat</subfield>
            <subfield code="p">07ga61798</subfield>
            <subfield code="r">07ga61798</subfield>
            <subfield code="w">BOOK</subfield>
            <subfield code="z">(h.) (Til bruk på NB Oslos lesesal)</subfield>
        </datafield>
        <datafield tag="876" ind1=" " ind2=" ">
            <subfield code="a">07sa17700</subfield>
            <subfield code="d">20071127</subfield>
            <subfield code="j">kat</subfield>
            <subfield code="p">07sa17700</subfield>
            <subfield code="r">07sa17700</subfield>
            <subfield code="w">BOOK</subfield>
        </datafield>
        <datafield tag="901" ind1=" " ind2=" ">
            <subfield code="a">90</subfield>
        </datafield>
        <datafield tag="913" ind1=" " ind2=" ">
            <subfield code="a">Norbok</subfield>
            <subfield code="b">NB</subfield>
        </datafield>
    </record>