
    <record>
        <leader>01787cgm a2200457 c 4500</leader>
        <controlfield tag="001">999919962104602202</controlfield>
        <controlfield tag="003">BIBSYS</controlfield>
        <controlfield tag="005">20230105135604.0</controlfield>
        <controlfield tag="007">vd#|v||||</controlfield>
        <controlfield tag="008">140811s2007    xx |||||||||||    v|eng|d</controlfield>
        <datafield tag="024" ind1="3" ind2=" ">
            <subfield code="a">7332431029293</subfield>
        </datafield>
        <datafield tag="035" ind1=" " ind2=" ">
            <subfield code="a">(EXLNZ-47BIBSYS_NETWORK)990808951664702201</subfield>
        </datafield>
        <datafield tag="035" ind1=" " ind2=" ">
            <subfield code="a">(NO-TrBIB)080895166</subfield>
        </datafield>
        <datafield tag="035" ind1=" " ind2=" ">
            <subfield code="a">(WOACT)0000000820</subfield>
        </datafield>
        <datafield tag="035" ind1=" " ind2=" ">
            <subfield code="a">080895166-47bibsys_network</subfield>
        </datafield>
        <datafield tag="040" ind1=" " ind2=" ">
            <subfield code="a">NO-TrBIB</subfield>
            <subfield code="b">nob</subfield>
            <subfield code="e">katreg</subfield>
        </datafield>
        <datafield tag="082" ind1="0" ind2="4">
            <subfield code="a">810s</subfield>
            <subfield code="2">21</subfield>
        </datafield>
        <datafield tag="083" ind1="0" ind2=" ">
            <subfield code="a">791.43s</subfield>
            <subfield code="2">21</subfield>
        </datafield>
        <datafield tag="245" ind1="0" ind2="0">
            <subfield code="a">No country for old men</subfield>
            <subfield code="c">en film fra Coen brødrene</subfield>
            <subfield code="h">[videoopptak]</subfield>
        </datafield>
        <datafield tag="260" ind1=" " ind2=" ">
            <subfield code="a">[Oslo]</subfield>
            <subfield code="b">Paramount Home Entertainment (Norway)</subfield>
            <subfield code="c">cop. 2007</subfield>
        </datafield>
        <datafield tag="300" ind1=" " ind2=" ">
            <subfield code="a">1 videoplate (DVD-video) (117 min)</subfield>
            <subfield code="b">lyd, kol.</subfield>
        </datafield>
        <datafield tag="490" ind1="1" ind2=" ">
            <subfield code="a">S film</subfield>
        </datafield>
        <datafield tag="500" ind1=" " ind2=" ">
            <subfield code="a">Aldersgrense: 15 år</subfield>
        </datafield>
        <datafield tag="500" ind1=" " ind2=" ">
            <subfield code="a">Bygger på: No county for old men / Cormac McCarthy</subfield>
        </datafield>
        <datafield tag="500" ind1=" " ind2=" ">
            <subfield code="a">Ekstramateriale</subfield>
        </datafield>
        <datafield tag="500" ind1=" " ind2=" ">
            <subfield code="a">Engelsk tale; norske undertekster valgbare</subfield>
        </datafield>
        <datafield tag="500" ind1=" " ind2=" ">
            <subfield code="a">Medietilsynet : 123717</subfield>
        </datafield>
        <datafield tag="500" ind1=" " ind2=" ">
            <subfield code="a">NO1136326</subfield>
        </datafield>
        <datafield tag="500" ind1=" " ind2=" ">
            <subfield code="a">Produksjon: USA : Paramount Vantage/Miramax Films, 2007</subfield>
        </datafield>
        <datafield tag="500" ind1=" " ind2=" ">
            <subfield code="a">Rolleliste: Javier Bardem, Tommy Lee Jones, Josh Brolin</subfield>
        </datafield>
        <datafield tag="500" ind1=" " ind2=" ">
            <subfield code="a">Thriller</subfield>
        </datafield>
        <datafield tag="653" ind1=" " ind2=" ">
            <subfield code="a">thriller</subfield>
            <subfield code="a">action</subfield>
            <subfield code="a">spenning</subfield>
            <subfield code="a">spillefilmer</subfield>
            <subfield code="a">narkotika</subfield>
            <subfield code="a">amerikanske</subfield>
            <subfield code="a">spelefilmar</subfield>
            <subfield code="a">tiff</subfield>
            <subfield code="a">krim</subfield>
            <subfield code="a">drama</subfield>
            <subfield code="a">usa</subfield>
        </datafield>
        <datafield tag="700" ind1="1" ind2=" ">
            <subfield code="a">Bardem, Javier</subfield>
            <subfield code="d">1969-</subfield>
            <subfield code="0">(NO-TrBIB)1016701</subfield>
            <subfield code="4">act</subfield>
        </datafield>
        <datafield tag="700" ind1="1" ind2=" ">
            <subfield code="a">Brolin, Josh</subfield>
            <subfield code="d">1968-</subfield>
            <subfield code="0">(NO-TrBIB)8048461</subfield>
            <subfield code="4">act</subfield>
        </datafield>
        <datafield tag="700" ind1="1" ind2=" ">
            <subfield code="a">Coen, Ethan</subfield>
            <subfield code="d">1957-</subfield>
            <subfield code="0">(NO-TrBIB)90809840</subfield>
            <subfield code="4">pro</subfield>
            <subfield code="4">drt</subfield>
            <subfield code="4">aus</subfield>
        </datafield>
        <datafield tag="700" ind1="1" ind2=" ">
            <subfield code="a">Coen, Joel</subfield>
            <subfield code="d">1954-</subfield>
            <subfield code="0">(NO-TrBIB)90809839</subfield>
            <subfield code="4">pro</subfield>
            <subfield code="4">drt</subfield>
            <subfield code="4">aus</subfield>
        </datafield>
        <datafield tag="700" ind1="1" ind2=" ">
            <subfield code="a">Jones, Tommy Lee</subfield>
            <subfield code="d">1946-</subfield>
            <subfield code="0">(NO-TrBIB)98014251</subfield>
            <subfield code="4">act</subfield>
        </datafield>
        <datafield tag="700" ind1="1" ind2="2">
            <subfield code="a">McCarthy, Cormac</subfield>
            <subfield code="d">1933-2023</subfield>
            <subfield code="t">No country for old men</subfield>
            <subfield code="0">(NO-TrBIB)90348328</subfield>
            <subfield code="4">aut</subfield>
        </datafield>
        <datafield tag="830" ind1=" " ind2="0">
            <subfield code="a">S film</subfield>
        </datafield>
        <datafield tag="856" ind1="4" ind2="2">
            <subfield code="3">Sammendrag</subfield>
            <subfield code="u">http://www.imdb.com/title/tt0477348/</subfield>
        </datafield>
        <datafield tag="901" ind1=" " ind2=" ">
            <subfield code="a">80</subfield>
        </datafield>
    </record>