
    <record>
        <leader>02129nas-a22005657i-4500</leader>
        <controlfield tag="001">999919970837702202</controlfield>
        <controlfield tag="003">BIBSYS</controlfield>
        <controlfield tag="005">20230720221630.0</controlfield>
        <controlfield tag="006">m-----o--d--------</controlfield>
        <controlfield tag="007">cr-|n|||||||||</controlfield>
        <controlfield tag="008">020523c20019999txuar--so-----0---a0eng-c</controlfield>
        <datafield tag="010" ind1=" " ind2=" ">
            <subfield code="a">  2013274138</subfield>
        </datafield>
        <datafield tag="022" ind1=" " ind2=" ">
            <subfield code="a">2333-3065</subfield>
        </datafield>
        <datafield tag="035" ind1=" " ind2=" ">
            <subfield code="a">(CKB)2580000000000335</subfield>
        </datafield>
        <datafield tag="035" ind1=" " ind2=" ">
            <subfield code="a">(CONSER)--2013274138</subfield>
        </datafield>
        <datafield tag="035" ind1=" " ind2=" ">
            <subfield code="a">(DE-599)ZDB2708368-8</subfield>
        </datafield>
        <datafield tag="035" ind1=" " ind2=" ">
            <subfield code="a">(EXLCZ)992580000000000335</subfield>
        </datafield>
        <datafield tag="035" ind1=" " ind2=" ">
            <subfield code="a">(OCoLC)664621167</subfield>
        </datafield>
        <datafield tag="037" ind1=" " ind2=" ">
            <subfield code="a">22573/ctt5r0g3q</subfield>
            <subfield code="b">JSTOR</subfield>
        </datafield>
        <datafield tag="037" ind1=" " ind2=" ">
            <subfield code="b">Pennsylvania State University Press, 820 N. University Dr. USB 1-C, University Park, PA 16802</subfield>
        </datafield>
        <datafield tag="042" ind1=" " ind2=" ">
            <subfield code="a">pcc</subfield>
            <subfield code="a">nsdp</subfield>
        </datafield>
        <datafield tag="043" ind1=" " ind2=" ">
            <subfield code="a">n-usu--</subfield>
        </datafield>
        <datafield tag="050" ind1="1" ind2="0">
            <subfield code="a">ISSN RECORD</subfield>
        </datafield>
        <datafield tag="050" ind1="1" ind2="4">
            <subfield code="a">PS3563.C337</subfield>
            <subfield code="b">Z4581</subfield>
        </datafield>
        <datafield tag="082" ind1="1" ind2="0">
            <subfield code="a">813.54</subfield>
            <subfield code="2">15</subfield>
        </datafield>
        <datafield tag="222" ind1=" " ind2="4">
            <subfield code="a">The Cormac McCarthy journal</subfield>
            <subfield code="b">(Online)</subfield>
        </datafield>
        <datafield tag="245" ind1="0" ind2="4">
            <subfield code="a">The Cormac McCarthy journal.</subfield>
        </datafield>
        <datafield tag="246" ind1="1" ind2="3">
            <subfield code="a">CELJ</subfield>
        </datafield>
        <datafield tag="264" ind1=" " ind2="1">
            <subfield code="a">San Angelo, Tex. :</subfield>
            <subfield code="b">Angelo State University,</subfield>
            <subfield code="c">2001-</subfield>
        </datafield>
        <datafield tag="310" ind1=" " ind2=" ">
            <subfield code="a">Annual</subfield>
        </datafield>
        <datafield tag="336" ind1=" " ind2=" ">
            <subfield code="a">text</subfield>
            <subfield code="b">txt</subfield>
            <subfield code="2">rdacontent</subfield>
        </datafield>
        <datafield tag="337" ind1=" " ind2=" ">
            <subfield code="a">computer</subfield>
            <subfield code="b">c</subfield>
            <subfield code="2">rdamedia</subfield>
        </datafield>
        <datafield tag="338" ind1=" " ind2=" ">
            <subfield code="a">online resource</subfield>
            <subfield code="b">cr</subfield>
            <subfield code="2">rdacarrier</subfield>
        </datafield>
        <datafield tag="362" ind1="1" ind2=" ">
            <subfield code="a">Began with: Vol. 1, no. 1 (spring, 2001).</subfield>
        </datafield>
        <datafield tag="500" ind1=" " ind2=" ">
            <subfield code="a">&quot;Published once a year by the Cormac McCarthy Society.&quot;</subfield>
        </datafield>
        <datafield tag="580" ind1=" " ind2=" ">
            <subfield code="a">Articles originally published in The Cormac McCarthy journal online.</subfield>
        </datafield>
        <datafield tag="588" ind1=" " ind2=" ">
            <subfield code="a">Description based on: Vol. 5, no. 1 (spring 2005); title from title page.</subfield>
        </datafield>
        <datafield tag="588" ind1=" " ind2=" ">
            <subfield code="a">Latest issue consulted: Vol. 9, no. 1 (2011) (surrogate).</subfield>
        </datafield>
        <datafield tag="600" ind1="1" ind2="0">
            <subfield code="a">McCarthy, Cormac,</subfield>
            <subfield code="d">1933-2023</subfield>
            <subfield code="x">Criticism and interpretation</subfield>
            <subfield code="v">Periodicals.</subfield>
        </datafield>
        <datafield tag="600" ind1="1" ind2="7">
            <subfield code="a">McCarthy, Cormac,</subfield>
            <subfield code="d">1933-</subfield>
            <subfield code="2">fast</subfield>
            <subfield code="0">(OCoLC)fst00088064</subfield>
        </datafield>
        <datafield tag="648" ind1=" " ind2="7">
            <subfield code="a">1900-1999</subfield>
            <subfield code="2">fast</subfield>
        </datafield>
        <datafield tag="650" ind1=" " ind2="0">
            <subfield code="a">American fiction</subfield>
            <subfield code="y">20th century</subfield>
            <subfield code="x">History and criticism</subfield>
            <subfield code="v">Periodicals.</subfield>
        </datafield>
        <datafield tag="650" ind1=" " ind2="7">
            <subfield code="a">American fiction.</subfield>
            <subfield code="2">fast</subfield>
            <subfield code="0">(OCoLC)fst00807048</subfield>
        </datafield>
        <datafield tag="655" ind1=" " ind2="7">
            <subfield code="a">Criticism, interpretation, etc.</subfield>
            <subfield code="2">fast</subfield>
            <subfield code="0">(OCoLC)fst01411635</subfield>
        </datafield>
        <datafield tag="655" ind1=" " ind2="7">
            <subfield code="a">Czasopismo literaturoznawcze.</subfield>
            <subfield code="2">dbn</subfield>
        </datafield>
        <datafield tag="655" ind1=" " ind2="7">
            <subfield code="a">Periodicals.</subfield>
            <subfield code="2">fast</subfield>
            <subfield code="0">(OCoLC)fst01411641</subfield>
        </datafield>
        <datafield tag="710" ind1="2" ind2=" ">
            <subfield code="a">Angelo State University.</subfield>
            <subfield code="b">Department of English.</subfield>
        </datafield>
        <datafield tag="710" ind1="2" ind2=" ">
            <subfield code="a">Cormac McCarthy Society.</subfield>
        </datafield>
        <datafield tag="776" ind1="1" ind2=" ">
            <subfield code="x">2333-3073</subfield>
        </datafield>
        <datafield tag="906" ind1=" " ind2=" ">
            <subfield code="a">JOURNAL</subfield>
        </datafield>
    </record>