
    <record>
        <leader>01774cgm a2200433 c 4500</leader>
        <controlfield tag="001">999920049602702202</controlfield>
        <controlfield tag="003">BIBSYS</controlfield>
        <controlfield tag="005">20200709101153.0</controlfield>
        <controlfield tag="007">vd#|v||||</controlfield>
        <controlfield tag="008">150202s2009    xx |||||||||||q   v|eng|d</controlfield>
        <datafield tag="035" ind1=" " ind2=" ">
            <subfield code="a">(EXLNZ-47BIBSYS_NETWORK)991008744364702201</subfield>
        </datafield>
        <datafield tag="035" ind1=" " ind2=" ">
            <subfield code="a">(NO-TrBIB)100874436</subfield>
        </datafield>
        <datafield tag="035" ind1=" " ind2=" ">
            <subfield code="a">(WOACT)0000001036</subfield>
        </datafield>
        <datafield tag="040" ind1=" " ind2=" ">
            <subfield code="a">NO-TrBIB</subfield>
            <subfield code="b">nob</subfield>
            <subfield code="e">katreg</subfield>
        </datafield>
        <datafield tag="082" ind1="0" ind2="4">
            <subfield code="a">791.4372</subfield>
            <subfield code="2">23</subfield>
            <subfield code="q">NoOU</subfield>
        </datafield>
        <datafield tag="245" ind1="0" ind2="4">
            <subfield code="a">The Road</subfield>
            <subfield code="c">regi: John Hillcoat</subfield>
            <subfield code="h">[videoopptak]</subfield>
        </datafield>
        <datafield tag="260" ind1=" " ind2=" ">
            <subfield code="a">[S.l.]</subfield>
            <subfield code="b">Dimension Films</subfield>
            <subfield code="b">2929 Productions</subfield>
            <subfield code="b">Scanbox Entertainment Denmark</subfield>
            <subfield code="c">2009</subfield>
        </datafield>
        <datafield tag="300" ind1=" " ind2=" ">
            <subfield code="a">1 plate (DVD-video) (111 min)</subfield>
            <subfield code="b">lyd, kol.</subfield>
        </datafield>
        <datafield tag="500" ind1=" " ind2=" ">
            <subfield code="a">Basert på: The road / Cormac McCarthy</subfield>
        </datafield>
        <datafield tag="500" ind1=" " ind2=" ">
            <subfield code="a">Drama/thriller</subfield>
        </datafield>
        <datafield tag="500" ind1=" " ind2=" ">
            <subfield code="a">Engelsk tale; danske, norske, islandske, svenske og finske undertekster valgbare</subfield>
        </datafield>
        <datafield tag="500" ind1=" " ind2=" ">
            <subfield code="a">Inneholder ekstramateriell</subfield>
        </datafield>
        <datafield tag="500" ind1=" " ind2=" ">
            <subfield code="a">Medietilsynet : 150489</subfield>
        </datafield>
        <datafield tag="500" ind1=" " ind2=" ">
            <subfield code="a">NOS9860SV</subfield>
        </datafield>
        <datafield tag="511" ind1="1" ind2=" ">
            <subfield code="a">Viggo Mortensen, Kodi Smit-McPhee, Robert Duvall, Charlize Theron m.fl.</subfield>
        </datafield>
        <datafield tag="521" ind1=" " ind2=" ">
            <subfield code="a">Aldersgrense 15 år</subfield>
        </datafield>
        <datafield tag="600" ind1="1" ind2=" ">
            <subfield code="t">The road</subfield>
        </datafield>
        <datafield tag="650" ind1=" " ind2="7">
            <subfield code="a">Adaptasjon (Film)</subfield>
            <subfield code="0">(NO-TrBIB)HUME05422</subfield>
            <subfield code="2">humord</subfield>
        </datafield>
        <datafield tag="650" ind1=" " ind2="7">
            <subfield code="a">Film</subfield>
            <subfield code="0">(NO-TrBIB)HUME05418</subfield>
            <subfield code="2">humord</subfield>
        </datafield>
        <datafield tag="653" ind1=" " ind2=" ">
            <subfield code="a">amerikanske</subfield>
            <subfield code="a">spillefilmer</subfield>
            <subfield code="a">spelefilmar</subfield>
            <subfield code="a">thriller</subfield>
            <subfield code="a">drama</subfield>
            <subfield code="a">filmatisert</subfield>
            <subfield code="a">litteratur</subfield>
        </datafield>
        <datafield tag="655" ind1=" " ind2="7">
            <subfield code="a">Spillefilmer</subfield>
            <subfield code="2">khib</subfield>
        </datafield>
        <datafield tag="700" ind1="1" ind2=" ">
            <subfield code="a">Duvall, Robert</subfield>
            <subfield code="d">1931-</subfield>
            <subfield code="0">(NO-TrBIB)90924709</subfield>
            <subfield code="4">act</subfield>
        </datafield>
        <datafield tag="700" ind1="1" ind2=" ">
            <subfield code="a">Hillcoat, John</subfield>
            <subfield code="d">1961-</subfield>
            <subfield code="0">(NO-TrBIB)7006925</subfield>
            <subfield code="4">drt</subfield>
        </datafield>
        <datafield tag="700" ind1="1" ind2=" ">
            <subfield code="a">Mortensen, Viggo</subfield>
            <subfield code="d">1958-</subfield>
            <subfield code="0">(NO-TrBIB)90257820</subfield>
            <subfield code="4">act</subfield>
        </datafield>
        <datafield tag="700" ind1="1" ind2=" ">
            <subfield code="a">Smit-McPhee, Kodi</subfield>
            <subfield code="d">1996-</subfield>
            <subfield code="0">(NO-TrBIB)10065593</subfield>
            <subfield code="4">act</subfield>
        </datafield>
        <datafield tag="700" ind1="1" ind2=" ">
            <subfield code="a">Theron, Charlize</subfield>
            <subfield code="d">1975-</subfield>
            <subfield code="0">(NO-TrBIB)1006566</subfield>
            <subfield code="4">act</subfield>
        </datafield>
        <datafield tag="700" ind1="1" ind2="2">
            <subfield code="a">McCarthy, Cormac</subfield>
            <subfield code="d">1933-2023</subfield>
            <subfield code="t">The road</subfield>
            <subfield code="0">(NO-TrBIB)90348328</subfield>
            <subfield code="4">aut</subfield>
        </datafield>
        <datafield tag="856" ind1="4" ind2="2">
            <subfield code="3">Sammendrag</subfield>
            <subfield code="u">http://www.imdb.com/title/tt0898367/</subfield>
            <subfield code="q">text/html</subfield>
        </datafield>
        <datafield tag="901" ind1=" " ind2=" ">
            <subfield code="a">80</subfield>
        </datafield>
    </record>