
    <record>
        <leader>01500cgm a2200409 c 4500</leader>
        <controlfield tag="001">999920130503302202</controlfield>
        <controlfield tag="003">BIBSYS</controlfield>
        <controlfield tag="005">20210422140005.0</controlfield>
        <controlfield tag="007">vd#|v||||</controlfield>
        <controlfield tag="008">131114s2005    xx |||||||||||    v|mul|d</controlfield>
        <datafield tag="024" ind1="3" ind2="0">
            <subfield code="a">5050582404920</subfield>
        </datafield>
        <datafield tag="035" ind1=" " ind2=" ">
            <subfield code="a">(EXLNZ-47BIBSYS_NETWORK)990935924344702201</subfield>
        </datafield>
        <datafield tag="035" ind1=" " ind2=" ">
            <subfield code="a">(NO-TrBIB)093592434</subfield>
        </datafield>
        <datafield tag="035" ind1=" " ind2=" ">
            <subfield code="a">093592434-47bibsys_network</subfield>
        </datafield>
        <datafield tag="040" ind1=" " ind2=" ">
            <subfield code="a">NO-TrBIB</subfield>
            <subfield code="b">nob</subfield>
            <subfield code="e">katreg</subfield>
        </datafield>
        <datafield tag="041" ind1=" " ind2=" ">
            <subfield code="a">eng</subfield>
            <subfield code="a">nob</subfield>
        </datafield>
        <datafield tag="082" ind1="0" ind2="4">
            <subfield code="a">810s</subfield>
            <subfield code="2">21</subfield>
        </datafield>
        <datafield tag="083" ind1="0" ind2=" ">
            <subfield code="a">791.43f</subfield>
            <subfield code="2">21</subfield>
        </datafield>
        <datafield tag="245" ind1="0" ind2="0">
            <subfield code="a">All the pretty horses</subfield>
            <subfield code="c">directed by Billy Bob Thornton ; produced by Robert Salerno and Billy Bob Thornton</subfield>
            <subfield code="h">[videoopptak]</subfield>
        </datafield>
        <datafield tag="260" ind1=" " ind2=" ">
            <subfield code="a">London</subfield>
            <subfield code="b">SPHE</subfield>
            <subfield code="c">2005</subfield>
        </datafield>
        <datafield tag="300" ind1=" " ind2=" ">
            <subfield code="a">1 plate (DVD-video) (1 t. 52 min)</subfield>
            <subfield code="b">lyd, kol.</subfield>
        </datafield>
        <datafield tag="500" ind1=" " ind2=" ">
            <subfield code="a">Drama.</subfield>
        </datafield>
        <datafield tag="500" ind1=" " ind2=" ">
            <subfield code="a">Ekstramateriale: trailere, filmografier</subfield>
        </datafield>
        <datafield tag="500" ind1=" " ind2=" ">
            <subfield code="a">Engelsk tale, norsk tekst.</subfield>
        </datafield>
        <datafield tag="500" ind1=" " ind2=" ">
            <subfield code="a">Filmen bygger på en roman av Cormac McCarthy.</subfield>
        </datafield>
        <datafield tag="500" ind1=" " ind2=" ">
            <subfield code="a">Kodet for region 2</subfield>
        </datafield>
        <datafield tag="500" ind1=" " ind2=" ">
            <subfield code="a">Norsk tittel: Alle de vakre hestene</subfield>
        </datafield>
        <datafield tag="500" ind1=" " ind2=" ">
            <subfield code="a">Produksjon: USA : Columbia/Miramax, 2000.</subfield>
        </datafield>
        <datafield tag="500" ind1=" " ind2=" ">
            <subfield code="a">Rolleliste: Matt Damon, Henry Thomas, Penelope Cruz.</subfield>
        </datafield>
        <datafield tag="500" ind1=" " ind2=" ">
            <subfield code="a">Widescreen.</subfield>
        </datafield>
        <datafield tag="700" ind1="1" ind2=" ">
            <subfield code="a">Cruz, Penélope</subfield>
            <subfield code="d">1974-</subfield>
            <subfield code="0">(NO-TrBIB)1081340</subfield>
        </datafield>
        <datafield tag="700" ind1="1" ind2=" ">
            <subfield code="a">Damon, Matt</subfield>
            <subfield code="d">1970-</subfield>
            <subfield code="0">(NO-TrBIB)99009373</subfield>
        </datafield>
        <datafield tag="700" ind1="1" ind2=" ">
            <subfield code="a">Thomas, Henry</subfield>
            <subfield code="d">1971-</subfield>
            <subfield code="0">(NO-TrBIB)1081341</subfield>
        </datafield>
        <datafield tag="700" ind1="1" ind2=" ">
            <subfield code="a">Thornton, Billy Bob</subfield>
            <subfield code="d">1955-</subfield>
            <subfield code="0">(NO-TrBIB)98079481</subfield>
        </datafield>
        <datafield tag="700" ind1="1" ind2="2">
            <subfield code="a">McCarthy, Cormac</subfield>
            <subfield code="d">1933-2023</subfield>
            <subfield code="t">All the pretty horses</subfield>
            <subfield code="0">(NO-TrBIB)90348328</subfield>
        </datafield>
        <datafield tag="740" ind1="0" ind2=" ">
            <subfield code="a">Alle de vakre hestene</subfield>
        </datafield>
        <datafield tag="901" ind1=" " ind2=" ">
            <subfield code="a">80</subfield>
        </datafield>
    </record>