
    <record>
        <leader>03619cam a2200589 c 4500</leader>
        <controlfield tag="001">999920331590602202</controlfield>
        <controlfield tag="003">BIBSYS</controlfield>
        <controlfield tag="005">20230603091354.0</controlfield>
        <controlfield tag="007">ta</controlfield>
        <controlfield tag="008">220504s2022    no     e |||||||| 1|nob| </controlfield>
        <datafield tag="020" ind1=" " ind2=" ">
            <subfield code="a">9788205577046</subfield>
            <subfield code="c">Nkr 379.00</subfield>
            <subfield code="q">innbundet</subfield>
        </datafield>
        <datafield tag="035" ind1=" " ind2=" ">
            <subfield code="a">(EXLNZ-47BIBSYS_NETWORK)999921708170002201</subfield>
        </datafield>
        <datafield tag="035" ind1=" " ind2=" ">
            <subfield code="a">(NO-DIMO)0b99e9ac-9150-4172-b829-9106ead01c3f</subfield>
        </datafield>
        <datafield tag="035" ind1=" " ind2=" ">
            <subfield code="a">(NO-OsBA)0655317</subfield>
        </datafield>
        <datafield tag="035" ind1=" " ind2=" ">
            <subfield code="a">(NO-OsBAS)150438039</subfield>
        </datafield>
        <datafield tag="035" ind1=" " ind2=" ">
            <subfield code="a">oai:bibbi.bs.no:0655317</subfield>
        </datafield>
        <datafield tag="035" ind1=" " ind2=" ">
            <subfield code="a">oai:nb.no:pliktmonografi_000011447</subfield>
        </datafield>
        <datafield tag="040" ind1=" " ind2=" ">
            <subfield code="a">NO-OsBA</subfield>
            <subfield code="b">nob</subfield>
            <subfield code="e">rda</subfield>
            <subfield code="d">NO-OsNB</subfield>
        </datafield>
        <datafield tag="041" ind1="1" ind2=" ">
            <subfield code="a">nob</subfield>
            <subfield code="h">eng</subfield>
        </datafield>
        <datafield tag="082" ind1="0" ind2="4">
            <subfield code="a">813.54</subfield>
            <subfield code="q">NO-OsBA</subfield>
            <subfield code="2">23/nor</subfield>
        </datafield>
        <datafield tag="100" ind1="1" ind2=" ">
            <subfield code="a">McCarthy, Cormac</subfield>
            <subfield code="d">1933-2023</subfield>
            <subfield code="0">(NO-TrBIB)90348328</subfield>
            <subfield code="4">aut</subfield>
        </datafield>
        <datafield tag="240" ind1="1" ind2="0">
            <subfield code="a">Stella Maris</subfield>
            <subfield code="l">Norsk</subfield>
        </datafield>
        <datafield tag="245" ind1="1" ind2="0">
            <subfield code="a">Stella Maris</subfield>
            <subfield code="c">Cormac McCarthy ; oversatt fra engelsk av Knut Ofstad</subfield>
        </datafield>
        <datafield tag="264" ind1=" " ind2="1">
            <subfield code="a">Oslo</subfield>
            <subfield code="b">Gyldendal</subfield>
            <subfield code="c">[2022]</subfield>
        </datafield>
        <datafield tag="300" ind1=" " ind2=" ">
            <subfield code="a">217 sider</subfield>
        </datafield>
        <datafield tag="336" ind1=" " ind2=" ">
            <subfield code="a">tekst</subfield>
            <subfield code="0">http://rdaregistry.info/termList/RDAContentType/1020</subfield>
            <subfield code="2">rdaco</subfield>
        </datafield>
        <datafield tag="337" ind1=" " ind2=" ">
            <subfield code="a">uformidlet</subfield>
            <subfield code="0">http://rdaregistry.info/termList/RDAMediaType/1007</subfield>
            <subfield code="2">rdamt</subfield>
        </datafield>
        <datafield tag="338" ind1=" " ind2=" ">
            <subfield code="a">bind</subfield>
            <subfield code="0">http://rdaregistry.info/termList/RDACarrierType/1049</subfield>
            <subfield code="2">rdact</subfield>
        </datafield>
        <datafield tag="520" ind1=" " ind2=" ">
            <subfield code="a">1972, Black River Falls, Wiscounsin. Alicia Western, tjue år gammel og med førti tusen dollar i en plastpose, ber om å bli innlagt på et sykehus. Hun holder på å ta en doktorgrad i matematikk ved University of Chicago, og er diagnostisert med paranoid schizofrreni. Hun vil ikke snakke om broren sin, Bobby. I stedet reflekterer hun over psykiske lidelser, og hvordan mennesker insisterer på én felles oppfatning av verden. Hun husker en barndom der hennes egen bestemor fryktet for henne da hun bare var syv år gammel. Hun drøfter skjæringspunktet mellom fysikk og filosofi, og hun introduserer hallusinasjonene bare hun kan se. Og hele tiden sørger hun over Bobby, som fortsatt ikke er helt død, og som ikke er helt hennes. «Stella Maris» bli kun fortalt gjennom transkripsjoner av Alicias terapitimer.</subfield>
        </datafield>
        <datafield tag="650" ind1="2" ind2="7">
            <subfield code="a">Bevissthet</subfield>
            <subfield code="g">psykologi</subfield>
            <subfield code="0">(NO-OsBA)1111248</subfield>
            <subfield code="2">bibbi</subfield>
            <subfield code="9">nob</subfield>
        </datafield>
        <datafield tag="650" ind1="2" ind2="7">
            <subfield code="a">Medvit</subfield>
            <subfield code="g">psykologi</subfield>
            <subfield code="0">(NO-OsBA)1111248</subfield>
            <subfield code="2">bibbi</subfield>
            <subfield code="9">nno</subfield>
        </datafield>
        <datafield tag="650" ind1="2" ind2="7">
            <subfield code="a">Psykiske lidelser</subfield>
            <subfield code="0">(NO-OsBA)1127728</subfield>
            <subfield code="2">bibbi</subfield>
            <subfield code="9">nob</subfield>
        </datafield>
        <datafield tag="650" ind1="2" ind2="7">
            <subfield code="a">Psykiske lidingar</subfield>
            <subfield code="0">(NO-OsBA)1127728</subfield>
            <subfield code="2">bibbi</subfield>
            <subfield code="9">nno</subfield>
        </datafield>
        <datafield tag="651" ind1=" " ind2="7">
            <subfield code="a">USA</subfield>
            <subfield code="z">Wisconsin</subfield>
            <subfield code="0">(NO-OsBA)1162746</subfield>
            <subfield code="2">bibbi</subfield>
            <subfield code="9">nno</subfield>
        </datafield>
        <datafield tag="651" ind1=" " ind2="7">
            <subfield code="a">USA</subfield>
            <subfield code="z">Wisconsin</subfield>
            <subfield code="0">(NO-OsBA)1162746</subfield>
            <subfield code="2">bibbi</subfield>
            <subfield code="9">nob</subfield>
        </datafield>
        <datafield tag="653" ind1=" " ind2="0">
            <subfield code="a">amerikansk litteratur</subfield>
            <subfield code="a">norsk litteratur</subfield>
        </datafield>
        <datafield tag="653" ind1="2" ind2=" ">
            <subfield code="a">1970-talet</subfield>
            <subfield code="9">nno</subfield>
        </datafield>
        <datafield tag="653" ind1="2" ind2=" ">
            <subfield code="a">1970-tallet</subfield>
            <subfield code="9">nob</subfield>
        </datafield>
        <datafield tag="655" ind1=" " ind2="7">
            <subfield code="a">Romaner</subfield>
            <subfield code="0">(uri)https://id.nb.no/vocabulary/ntsf/258</subfield>
            <subfield code="2">ntsf</subfield>
        </datafield>
        <datafield tag="700" ind1="1" ind2=" ">
            <subfield code="a">McCarthy, Cormac</subfield>
            <subfield code="d">1933-2023</subfield>
            <subfield code="t">Stella Maris</subfield>
            <subfield code="l">Norsk</subfield>
            <subfield code="0">(NO-TrBIB)90348328</subfield>
        </datafield>
        <datafield tag="700" ind1="1" ind2=" ">
            <subfield code="a">Ofstad, Knut</subfield>
            <subfield code="d">1957-</subfield>
            <subfield code="4">trl</subfield>
            <subfield code="0">(NO-TrBIB)11038858</subfield>
        </datafield>
        <datafield tag="700" ind1="1" ind2=" ">
            <subfield code="i">Oversettelse av:</subfield>
            <subfield code="a">McCarthy, Cormac</subfield>
            <subfield code="d">1933-2023</subfield>
            <subfield code="t">Stella Maris</subfield>
            <subfield code="l">Engelsk</subfield>
            <subfield code="0">(NO-TrBIB)90348328</subfield>
        </datafield>
        <datafield tag="780" ind1="0" ind2="0">
            <subfield code="t">Passasjeren</subfield>
        </datafield>
        <datafield tag="852" ind1="8" ind2=" ">
            <subfield code="b">0030100</subfield>
            <subfield code="c">g00005</subfield>
            <subfield code="h">NA/A 2022:10042</subfield>
        </datafield>
        <datafield tag="852" ind1="8" ind2=" ">
            <subfield code="b">0183334</subfield>
            <subfield code="c">g00005</subfield>
        </datafield>
        <datafield tag="856" ind1="4" ind2="0">
            <subfield code="3"/>
            <subfield code="y">NB Digital plikt</subfield>
            <subfield code="u">http://urn.nb.no/URN:NBN:no-nb_pliktmonografi_000011447</subfield>
            <subfield code="z">Pliktavlevert</subfield>
        </datafield>
        <datafield tag="856" ind1="4" ind2="1">
            <subfield code="3">Fulltekst</subfield>
            <subfield code="u">https://www.nb.no/search?q=oaiid:&quot;oai:nb.bibsys.no:999920331590602202&quot;</subfield>
            <subfield code="y">Nettbiblioteket</subfield>
            <subfield code="z">Søke-URL</subfield>
        </datafield>
        <datafield tag="856" ind1="4" ind2="2">
            <subfield code="3">Forlagets beskrivelse (lang)</subfield>
            <subfield code="u">https://contents.bibs.aws.unit.no/content/?isbn=9788205577046</subfield>
        </datafield>
        <datafield tag="856" ind1="4" ind2="2">
            <subfield code="3">Miniatyrbilde</subfield>
            <subfield code="u">https://contents.bibs.aws.unit.no/files/images/small/6/4/9788205577046.jpg</subfield>
            <subfield code="q">image/jpeg</subfield>
        </datafield>
        <datafield tag="856" ind1="4" ind2="2">
            <subfield code="3">Omslagsbilde</subfield>
            <subfield code="u">https://contents.bibs.aws.unit.no/files/images/large/6/4/9788205577046.jpg</subfield>
            <subfield code="q">image/jpeg</subfield>
        </datafield>
        <datafield tag="856" ind1="4" ind2="2">
            <subfield code="3">Originalt bilde</subfield>
            <subfield code="u">https://contents.bibs.aws.unit.no/files/images/original/6/4/9788205577046.jpg</subfield>
            <subfield code="q">image/jpeg</subfield>
        </datafield>
        <datafield tag="913" ind1=" " ind2=" ">
            <subfield code="a">Norbok</subfield>
            <subfield code="b">NB</subfield>
        </datafield>
    </record>