
    <record>
        <leader>03508cam a2200625 c 4500</leader>
        <controlfield tag="001">999920419701902202</controlfield>
        <controlfield tag="003">BIBSYS</controlfield>
        <controlfield tag="005">20230630060009.0</controlfield>
        <controlfield tag="007">ta</controlfield>
        <controlfield tag="008">230615s2023    no     e ||||||0| 1 nob| </controlfield>
        <datafield tag="020" ind1=" " ind2=" ">
            <subfield code="a">9788205576780</subfield>
            <subfield code="c">Nkr 199.00</subfield>
            <subfield code="q">heftet</subfield>
        </datafield>
        <datafield tag="035" ind1=" " ind2=" ">
            <subfield code="a">(EXLNZ-47BIBSYS_NETWORK)999922195169602201</subfield>
        </datafield>
        <datafield tag="035" ind1=" " ind2=" ">
            <subfield code="a">(NO-DIMO)67eef0b3-e7aa-4cfc-a3bb-c11f0c78d3f2</subfield>
        </datafield>
        <datafield tag="035" ind1=" " ind2=" ">
            <subfield code="a">(NO-OsBA)0688911</subfield>
        </datafield>
        <datafield tag="035" ind1=" " ind2=" ">
            <subfield code="a">(NO-OsBAS)150466177</subfield>
        </datafield>
        <datafield tag="035" ind1=" " ind2=" ">
            <subfield code="a">oai:bibbi.bs.no:0688911</subfield>
        </datafield>
        <datafield tag="035" ind1=" " ind2=" ">
            <subfield code="a">oai:nb.no:pliktmonografi_000022607</subfield>
        </datafield>
        <datafield tag="040" ind1=" " ind2=" ">
            <subfield code="a">NO-OsBA</subfield>
            <subfield code="b">nob</subfield>
            <subfield code="e">rda</subfield>
            <subfield code="d">NO-OsNB</subfield>
        </datafield>
        <datafield tag="041" ind1="1" ind2=" ">
            <subfield code="a">nob</subfield>
            <subfield code="h">eng</subfield>
        </datafield>
        <datafield tag="082" ind1="0" ind2="4">
            <subfield code="a">813.54</subfield>
            <subfield code="q">NO-OsBA</subfield>
            <subfield code="2">23/nor</subfield>
        </datafield>
        <datafield tag="100" ind1="1" ind2=" ">
            <subfield code="a">McCarthy, Cormac</subfield>
            <subfield code="d">1933-2023</subfield>
            <subfield code="0">(NO-TrBIB)90348328</subfield>
            <subfield code="4">aut</subfield>
        </datafield>
        <datafield tag="240" ind1="1" ind2="0">
            <subfield code="a">All the pretty horses</subfield>
            <subfield code="l">Norsk</subfield>
        </datafield>
        <datafield tag="245" ind1="1" ind2="0">
            <subfield code="a">Alle de vakre hestene</subfield>
            <subfield code="c">Cormac McCarthy ; oversatt fra engelsk av Knut Ofstad</subfield>
        </datafield>
        <datafield tag="250" ind1=" " ind2=" ">
            <subfield code="a">2. utgave</subfield>
        </datafield>
        <datafield tag="264" ind1=" " ind2="1">
            <subfield code="a">Oslo</subfield>
            <subfield code="b">Gyldendal</subfield>
            <subfield code="c">2023</subfield>
        </datafield>
        <datafield tag="300" ind1=" " ind2=" ">
            <subfield code="a">299 sider</subfield>
        </datafield>
        <datafield tag="336" ind1=" " ind2=" ">
            <subfield code="a">tekst</subfield>
            <subfield code="0">http://rdaregistry.info/termList/RDAContentType/1020</subfield>
            <subfield code="2">rdaco</subfield>
        </datafield>
        <datafield tag="337" ind1=" " ind2=" ">
            <subfield code="a">uformidlet</subfield>
            <subfield code="0">http://rdaregistry.info/termList/RDAMediaType/1007</subfield>
            <subfield code="2">rdamt</subfield>
        </datafield>
        <datafield tag="338" ind1=" " ind2=" ">
            <subfield code="a">bind</subfield>
            <subfield code="0">http://rdaregistry.info/termList/RDACarrierType/1049</subfield>
            <subfield code="2">rdact</subfield>
        </datafield>
        <datafield tag="490" ind1="1" ind2=" ">
            <subfield code="a">Grensetrilogien</subfield>
            <subfield code="v">1</subfield>
        </datafield>
        <datafield tag="500" ind1=" " ind2=" ">
            <subfield code="a">1. norske utgave 1993</subfield>
        </datafield>
        <datafield tag="520" ind1=" " ind2=" ">
            <subfield code="a">Denne romanen er både en dannelsesroman og en western. Vi møter den seksten år gamle John Grady Cole på en ranch i West-Texas i 1949. Guttens bestefar er nettopp død. Faren er merket av krigen og bor i byen. Morens høyeste ønske er å komme seg ut av Texas for godt. John er for ung til å overta ranchen, og dermed er han stengt ute fra den eneste tilværelse han eri stand til å forestille seg. Sammen med vennen Lacey Rawlins drar han over grensen til Mexico og videre sørover. Her opplever han både idyll og komikk, men også blod.</subfield>
        </datafield>
        <datafield tag="651" ind1=" " ind2="7">
            <subfield code="a">Coahuila (Mexico)</subfield>
            <subfield code="0">(NO-OsBA)1437104</subfield>
            <subfield code="2">bibbi</subfield>
            <subfield code="9">nno</subfield>
        </datafield>
        <datafield tag="651" ind1=" " ind2="7">
            <subfield code="a">Coahuila (Mexico)</subfield>
            <subfield code="0">(NO-OsBA)1437104</subfield>
            <subfield code="2">bibbi</subfield>
            <subfield code="9">nob</subfield>
        </datafield>
        <datafield tag="651" ind1=" " ind2="7">
            <subfield code="a">Texas (USA)</subfield>
            <subfield code="0">(NO-OsBA)1162683</subfield>
            <subfield code="2">bibbi</subfield>
            <subfield code="9">nno</subfield>
        </datafield>
        <datafield tag="651" ind1=" " ind2="7">
            <subfield code="a">Texas (USA)</subfield>
            <subfield code="0">(NO-OsBA)1162683</subfield>
            <subfield code="2">bibbi</subfield>
            <subfield code="9">nob</subfield>
        </datafield>
        <datafield tag="655" ind1=" " ind2="7">
            <subfield code="a">Romaner</subfield>
            <subfield code="0">(uri)https://id.nb.no/vocabulary/ntsf/258</subfield>
            <subfield code="2">ntsf</subfield>
        </datafield>
        <datafield tag="655" ind1=" " ind2="7">
            <subfield code="a">Western</subfield>
            <subfield code="0">(uri)https://id.nb.no/vocabulary/ntsf/333</subfield>
            <subfield code="2">ntsf</subfield>
        </datafield>
        <datafield tag="662" ind1=" " ind2=" ">
            <subfield code="a">Mexico</subfield>
            <subfield code="d">Coahuila</subfield>
            <subfield code="0">(NO-OsBA)1441798</subfield>
            <subfield code="2">bibbi</subfield>
            <subfield code="9">nno</subfield>
        </datafield>
        <datafield tag="662" ind1=" " ind2=" ">
            <subfield code="a">Mexico</subfield>
            <subfield code="d">Coahuila</subfield>
            <subfield code="0">(NO-OsBA)1441798</subfield>
            <subfield code="2">bibbi</subfield>
            <subfield code="9">nob</subfield>
        </datafield>
        <datafield tag="662" ind1=" " ind2=" ">
            <subfield code="a">USA</subfield>
            <subfield code="b">Texas</subfield>
            <subfield code="0">(NO-OsBA)1439492</subfield>
            <subfield code="2">bibbi</subfield>
            <subfield code="9">nno</subfield>
        </datafield>
        <datafield tag="662" ind1=" " ind2=" ">
            <subfield code="a">USA</subfield>
            <subfield code="b">Texas</subfield>
            <subfield code="0">(NO-OsBA)1439492</subfield>
            <subfield code="2">bibbi</subfield>
            <subfield code="9">nob</subfield>
        </datafield>
        <datafield tag="700" ind1="1" ind2=" ">
            <subfield code="a">McCarthy, Cormac</subfield>
            <subfield code="d">1933-2023</subfield>
            <subfield code="t">All the pretty horses</subfield>
            <subfield code="l">Norsk</subfield>
            <subfield code="0">(NO-TrBIB)90348328</subfield>
        </datafield>
        <datafield tag="700" ind1="1" ind2=" ">
            <subfield code="a">Ofstad, Knut</subfield>
            <subfield code="d">1957-</subfield>
            <subfield code="4">trl</subfield>
            <subfield code="0">(NO-TrBIB)11038858</subfield>
        </datafield>
        <datafield tag="700" ind1="1" ind2=" ">
            <subfield code="i">Oversettelse av: </subfield>
            <subfield code="a">McCarthy, Cormac</subfield>
            <subfield code="d">1933-2023</subfield>
            <subfield code="t">All the pretty horses</subfield>
            <subfield code="l">Engelsk</subfield>
            <subfield code="0">(NO-TrBIB)90348328</subfield>
        </datafield>
        <datafield tag="785" ind1="0" ind2="0">
            <subfield code="t">Over grensen</subfield>
        </datafield>
        <datafield tag="800" ind1="1" ind2=" ">
            <subfield code="a">McCarthy, Cormac</subfield>
            <subfield code="d">1933-2023</subfield>
            <subfield code="t">The border trilogy</subfield>
            <subfield code="l">Norsk</subfield>
            <subfield code="v">1</subfield>
            <subfield code="0">(NO-TrBIB)90348328</subfield>
        </datafield>
        <datafield tag="852" ind1="8" ind2=" ">
            <subfield code="b">0030100</subfield>
            <subfield code="c">g00005</subfield>
            <subfield code="h">NA/A 2023:4940</subfield>
        </datafield>
        <datafield tag="852" ind1="8" ind2=" ">
            <subfield code="b">0183334</subfield>
            <subfield code="c">g00005</subfield>
        </datafield>
        <datafield tag="856" ind1=" " ind2=" ">
            <subfield code="a">aja.bs.no</subfield>
            <subfield code="q">image/jpeg</subfield>
            <subfield code="u">https://media.aja.bs.no/73204153-c8e7-4e05-a865-f78d5009c210/original.jpg</subfield>
            <subfield code="3">Omslagsbilde</subfield>
        </datafield>
        <datafield tag="856" ind1=" " ind2=" ">
            <subfield code="a">aja.bs.no</subfield>
            <subfield code="q">image/jpeg</subfield>
            <subfield code="u">https://media.aja.bs.no/73204153-c8e7-4e05-a865-f78d5009c210/thumbnail.jpg</subfield>
            <subfield code="3">Miniatyrbilde</subfield>
        </datafield>
        <datafield tag="856" ind1="4" ind2="0">
            <subfield code="3"/>
            <subfield code="y">NB Digital plikt</subfield>
            <subfield code="u">http://urn.nb.no/URN:NBN:no-nb_pliktmonografi_000022607</subfield>
            <subfield code="z"/>
        </datafield>
        <datafield tag="856" ind1="4" ind2="0">
            <subfield code="u">https://urn.nb.no/URN:NBN:no-nb_pliktmonografi_000022607</subfield>
            <subfield code="3">Fulltekst</subfield>
            <subfield code="y">Nettbiblioteket</subfield>
            <subfield code="z">Digital representasjon</subfield>
        </datafield>
        <datafield tag="856" ind1="4" ind2="2">
            <subfield code="3">Forlagets beskrivelse (lang)</subfield>
            <subfield code="u">https://contents.bibs.aws.unit.no/content/?isbn=9788205576780</subfield>
        </datafield>
        <datafield tag="913" ind1=" " ind2=" ">
            <subfield code="a">Norbok</subfield>
            <subfield code="b">NB</subfield>
        </datafield>
    </record>