
    <record>
        <leader>01008aam a22003371i 4500</leader>
        <controlfield tag="001">018187163</controlfield>
        <controlfield tag="003">Uk</controlfield>
        <controlfield tag="005">20190208202747.0</controlfield>
        <controlfield tag="006">m    ||  d |      </controlfield>
        <controlfield tag="007">cr |||||||||||</controlfield>
        <controlfield tag="008">170120s2011    xxk||||go    |||| ||eng  </controlfield>
        <datafield tag="015" ind1=" " ind2=" ">
            <subfield code="a">GBB713244</subfield>
            <subfield code="2">bnb</subfield>
        </datafield>
        <datafield tag="020" ind1=" " ind2=" ">
            <subfield code="a">0330535757</subfield>
            <subfield code="q">EPUB</subfield>
        </datafield>
        <datafield tag="020" ind1=" " ind2=" ">
            <subfield code="a">9780330535755</subfield>
            <subfield code="q">EPUB</subfield>
        </datafield>
        <datafield tag="037" ind1=" " ind2=" ">
            <subfield code="a">PanMacmillan24469</subfield>
            <subfield code="b">Ingram Content Group</subfield>
        </datafield>
        <datafield tag="040" ind1=" " ind2=" ">
            <subfield code="a">Uk</subfield>
            <subfield code="b">eng</subfield>
            <subfield code="c">Uk</subfield>
        </datafield>
        <datafield tag="042" ind1=" " ind2=" ">
            <subfield code="a">ukblsr</subfield>
        </datafield>
        <datafield tag="082" ind1="0" ind2="4">
            <subfield code="a">813.54</subfield>
            <subfield code="2">22</subfield>
        </datafield>
        <datafield tag="100" ind1="1" ind2=" ">
            <subfield code="a">McCarthy, Cormac,</subfield>
            <subfield code="d">1933-2023.</subfield>
        </datafield>
        <datafield tag="245" ind1="1" ind2="4">
            <subfield code="a">The Sunset Limited :</subfield>
            <subfield code="b">a novel in dramatic form /</subfield>
            <subfield code="c">Cormac McCarthy.</subfield>
        </datafield>
        <datafield tag="264" ind1=" " ind2="1">
            <subfield code="a">London :</subfield>
            <subfield code="b">Picador,</subfield>
            <subfield code="c">2011.</subfield>
        </datafield>
        <datafield tag="300" ind1=" " ind2=" ">
            <subfield code="a">1 online resource (160 pages).</subfield>
        </datafield>
        <datafield tag="336" ind1=" " ind2=" ">
            <subfield code="a">text</subfield>
            <subfield code="2">rdacontent</subfield>
        </datafield>
        <datafield tag="337" ind1=" " ind2=" ">
            <subfield code="a">computer</subfield>
            <subfield code="2">rdamedia</subfield>
        </datafield>
        <datafield tag="338" ind1=" " ind2=" ">
            <subfield code="a">online resource</subfield>
            <subfield code="2">rdacarrier</subfield>
        </datafield>
        <datafield tag="650" ind1=" " ind2="0">
            <subfield code="a">Strangers</subfield>
            <subfield code="v">Fiction.</subfield>
        </datafield>
        <datafield tag="650" ind1=" " ind2="0">
            <subfield code="a">Suicide</subfield>
            <subfield code="x">Prevention</subfield>
            <subfield code="v">Fiction.</subfield>
        </datafield>
        <datafield tag="650" ind1=" " ind2="7">
            <subfield code="a">Theater / General</subfield>
            <subfield code="2">bisacsh</subfield>
        </datafield>
        <datafield tag="852" ind1=" " ind2=" ">
            <subfield code="a">British Library</subfield>
            <subfield code="b">HMNTS</subfield>
            <subfield code="c">DRT</subfield>
            <subfield code="j">ELD.DS.112503</subfield>
        </datafield>
        <datafield tag="859" ind1=" " ind2=" ">
            <subfield code="a">ELD</subfield>
            <subfield code="b">ebook</subfield>
        </datafield>
        <datafield tag="903" ind1=" " ind2=" ">
            <subfield code="a">ELD.DS.112503</subfield>
        </datafield>
    </record>