
    <record>
        <leader>00897cam a22002777i 4500</leader>
        <controlfield tag="001">017034914</controlfield>
        <controlfield tag="003">Uk</controlfield>
        <controlfield tag="005">20150202013554.0</controlfield>
        <controlfield tag="006">m        d        </controlfield>
        <controlfield tag="007">cr |||||||||||</controlfield>
        <controlfield tag="008">150202s1991    xxk     obm   000 0 eng  </controlfield>
        <datafield tag="040" ind1=" " ind2=" ">
            <subfield code="a">Uk</subfield>
            <subfield code="b">eng</subfield>
            <subfield code="c">Uk</subfield>
            <subfield code="d">Uk</subfield>
            <subfield code="e">rda</subfield>
        </datafield>
        <datafield tag="082" ind1="1" ind2="4">
            <subfield code="a">624</subfield>
            <subfield code="2">15</subfield>
        </datafield>
        <datafield tag="100" ind1="1" ind2=" ">
            <subfield code="a">McCarthy, Sean Cormac,</subfield>
            <subfield code="e">author.</subfield>
        </datafield>
        <datafield tag="245" ind1="1" ind2="0">
            <subfield code="a">BOT and OMT contracts for infrastructure in developing countries.</subfield>
        </datafield>
        <datafield tag="264" ind1=" " ind2="1">
            <subfield code="a">[Great Britain] :</subfield>
            <subfield code="b">University of Birmingham,</subfield>
            <subfield code="c">1991.</subfield>
        </datafield>
        <datafield tag="300" ind1=" " ind2=" ">
            <subfield code="a">1 online resource</subfield>
        </datafield>
        <datafield tag="336" ind1=" " ind2=" ">
            <subfield code="a">text</subfield>
            <subfield code="2">rdacontent</subfield>
        </datafield>
        <datafield tag="337" ind1=" " ind2=" ">
            <subfield code="a">computer</subfield>
            <subfield code="2">rdamedia</subfield>
        </datafield>
        <datafield tag="338" ind1=" " ind2=" ">
            <subfield code="a">online resource</subfield>
            <subfield code="2">rdacarrier</subfield>
        </datafield>
        <datafield tag="502" ind1=" " ind2=" ">
            <subfield code="a">Thesis (Ph.D.)--University of Birmingham, 1991.</subfield>
        </datafield>
        <datafield tag="504" ind1=" " ind2=" ">
            <subfield code="a">Includes bibliographical references.</subfield>
        </datafield>
        <datafield tag="710" ind1="2" ind2=" ">
            <subfield code="a">University of Birmingham,</subfield>
            <subfield code="e">degree granting institution.</subfield>
        </datafield>
        <datafield tag="852" ind1="4" ind2=" ">
            <subfield code="a">British Library</subfield>
            <subfield code="b">DSC</subfield>
            <subfield code="c">DRT</subfield>
            <subfield code="j">633227</subfield>
        </datafield>
        <datafield tag="859" ind1=" " ind2=" ">
            <subfield code="a">XLD</subfield>
            <subfield code="b">EThOS</subfield>
        </datafield>
        <datafield tag="903" ind1=" " ind2=" ">
            <subfield code="a">633227</subfield>
        </datafield>
    </record>