
    <record>
        <leader>01104pam a22003491i 4500</leader>
        <controlfield tag="001">016914643</controlfield>
        <controlfield tag="003">Uk</controlfield>
        <controlfield tag="005">20170115023436.0</controlfield>
        <controlfield tag="006">m    ||  d |      </controlfield>
        <controlfield tag="007">cr |||||||||||</controlfield>
        <controlfield tag="008">140808s2014    enk     o|    000|0|eng|d</controlfield>
        <datafield tag="015" ind1=" " ind2=" ">
            <subfield code="a">GBB4C1242</subfield>
            <subfield code="2">bnb</subfield>
        </datafield>
        <datafield tag="020" ind1=" " ind2=" ">
            <subfield code="a">9781447273141 (ePub ebook) :</subfield>
            <subfield code="c">£6.99</subfield>
        </datafield>
        <datafield tag="020" ind1=" " ind2=" ">
            <subfield code="z">9781447273134 (pbk.) :</subfield>
            <subfield code="c">£8.99</subfield>
        </datafield>
        <datafield tag="037" ind1=" " ind2=" ">
            <subfield code="a">PanMacmillan65776</subfield>
            <subfield code="b">Ingram Content Group</subfield>
        </datafield>
        <datafield tag="040" ind1=" " ind2=" ">
            <subfield code="a">StDuBDS</subfield>
            <subfield code="b">eng</subfield>
            <subfield code="c">StDuBDS</subfield>
            <subfield code="d">Uk</subfield>
            <subfield code="e">rda</subfield>
            <subfield code="e">pn</subfield>
        </datafield>
        <datafield tag="042" ind1=" " ind2=" ">
            <subfield code="a">ukblsr</subfield>
        </datafield>
        <datafield tag="082" ind1="0" ind2="4">
            <subfield code="a">791.4372</subfield>
            <subfield code="2">23</subfield>
        </datafield>
        <datafield tag="100" ind1="1" ind2=" ">
            <subfield code="a">McCarthy, Cormac,</subfield>
            <subfield code="d">1933-2023,</subfield>
            <subfield code="e">author.</subfield>
        </datafield>
        <datafield tag="245" ind1="1" ind2="4">
            <subfield code="a">The gardener's son /</subfield>
            <subfield code="c">Cormac McCarthy.</subfield>
        </datafield>
        <datafield tag="264" ind1=" " ind2="1">
            <subfield code="a">London :</subfield>
            <subfield code="b">Picador,</subfield>
            <subfield code="c">2014.</subfield>
        </datafield>
        <datafield tag="300" ind1=" " ind2=" ">
            <subfield code="a">1 online resource.</subfield>
        </datafield>
        <datafield tag="336" ind1=" " ind2=" ">
            <subfield code="a">text</subfield>
            <subfield code="2">rdacontent</subfield>
        </datafield>
        <datafield tag="337" ind1=" " ind2=" ">
            <subfield code="a">computer</subfield>
            <subfield code="2">rdamedia</subfield>
        </datafield>
        <datafield tag="338" ind1=" " ind2=" ">
            <subfield code="a">online resource</subfield>
            <subfield code="2">rdacarrier</subfield>
        </datafield>
        <datafield tag="588" ind1=" " ind2=" ">
            <subfield code="a">Description based on CIP data; item not viewed.</subfield>
        </datafield>
        <datafield tag="630" ind1="0" ind2="0">
            <subfield code="a">Gardener's son (Motion picture)</subfield>
        </datafield>
        <datafield tag="650" ind1=" " ind2="0">
            <subfield code="a">Motion picture plays.</subfield>
        </datafield>
        <datafield tag="776" ind1="0" ind2="8">
            <subfield code="i">Print version:</subfield>
            <subfield code="z">9781447273134</subfield>
        </datafield>
        <datafield tag="852" ind1=" " ind2=" ">
            <subfield code="a">British Library</subfield>
            <subfield code="b">HMNTS</subfield>
            <subfield code="c">DRT</subfield>
            <subfield code="j">ELD.DS.109640</subfield>
        </datafield>
        <datafield tag="859" ind1=" " ind2=" ">
            <subfield code="a">ELD</subfield>
            <subfield code="b">ebook</subfield>
        </datafield>
        <datafield tag="903" ind1=" " ind2=" ">
            <subfield code="a">ELD.DS.109640</subfield>
        </datafield>
    </record>