
    <record>
        <leader>00950pam a2200325 a 4500</leader>
        <controlfield tag="001">013469886</controlfield>
        <controlfield tag="003">Uk</controlfield>
        <controlfield tag="005">20070123094935.0</controlfield>
        <controlfield tag="008">060420s2006    enk    g      000 1 eng  </controlfield>
        <datafield tag="015" ind1=" " ind2=" ">
            <subfield code="a">GBA647670</subfield>
            <subfield code="2">bnb</subfield>
        </datafield>
        <datafield tag="016" ind1="7" ind2=" ">
            <subfield code="a">013469886</subfield>
            <subfield code="2">Uk</subfield>
        </datafield>
        <datafield tag="020" ind1=" " ind2=" ">
            <subfield code="a">033044753X (hbk.) :</subfield>
            <subfield code="c">£16.99</subfield>
        </datafield>
        <datafield tag="020" ind1=" " ind2=" ">
            <subfield code="a">0330447556 (pbk.) :</subfield>
            <subfield code="c">No price</subfield>
        </datafield>
        <datafield tag="020" ind1=" " ind2=" ">
            <subfield code="a">9780330447539 :</subfield>
            <subfield code="c">£16.99</subfield>
        </datafield>
        <datafield tag="020" ind1=" " ind2=" ">
            <subfield code="a">9780330447553 (pbk.) :</subfield>
            <subfield code="c">No price</subfield>
        </datafield>
        <datafield tag="040" ind1=" " ind2=" ">
            <subfield code="a">StDuBDS</subfield>
            <subfield code="b">eng</subfield>
            <subfield code="c">StDuBDS</subfield>
            <subfield code="d">Uk</subfield>
        </datafield>
        <datafield tag="042" ind1=" " ind2=" ">
            <subfield code="a">ukblsr</subfield>
        </datafield>
        <datafield tag="082" ind1="0" ind2="4">
            <subfield code="a">813.54</subfield>
            <subfield code="2">22</subfield>
        </datafield>
        <datafield tag="100" ind1="1" ind2=" ">
            <subfield code="a">McCarthy, Cormac,</subfield>
            <subfield code="d">1933-2023.</subfield>
        </datafield>
        <datafield tag="245" ind1="1" ind2="4">
            <subfield code="a">The road /</subfield>
            <subfield code="c">Cormac McCarthy.</subfield>
        </datafield>
        <datafield tag="260" ind1=" " ind2=" ">
            <subfield code="a">London :</subfield>
            <subfield code="b">Picador,</subfield>
            <subfield code="c">2006.</subfield>
        </datafield>
        <datafield tag="300" ind1=" " ind2=" ">
            <subfield code="a">241 p. ;</subfield>
            <subfield code="c">22 cm.</subfield>
        </datafield>
        <datafield tag="336" ind1=" " ind2=" ">
            <subfield code="a">text</subfield>
            <subfield code="2">rdacontent</subfield>
        </datafield>
        <datafield tag="337" ind1=" " ind2=" ">
            <subfield code="a">unmediated</subfield>
            <subfield code="2">rdamedia</subfield>
        </datafield>
        <datafield tag="338" ind1=" " ind2=" ">
            <subfield code="a">volume</subfield>
            <subfield code="2">rdacarrier</subfield>
        </datafield>
        <datafield tag="500" ind1=" " ind2=" ">
            <subfield code="a">Formerly CIP.</subfield>
            <subfield code="5">Uk</subfield>
        </datafield>
        <datafield tag="650" ind1=" " ind2="0">
            <subfield code="a">Fathers and sons</subfield>
            <subfield code="v">Fiction.</subfield>
        </datafield>
        <datafield tag="655" ind1=" " ind2="7">
            <subfield code="a">Dystopias.</subfield>
            <subfield code="2">gsafd</subfield>
        </datafield>
        <datafield tag="852" ind1="4" ind2="1">
            <subfield code="a">British Library</subfield>
            <subfield code="b">HMNTS</subfield>
            <subfield code="j">Nov.2007/161</subfield>
        </datafield>
        <datafield tag="917" ind1=" " ind2=" ">
            <subfield code="a">Priority processing</subfield>
        </datafield>
    </record>