
    <record>
        <leader>00842 am a2200289ui 4500</leader>
        <controlfield tag="001">011980219</controlfield>
        <controlfield tag="005">20230615203600.0</controlfield>
        <controlfield tag="008">800804r19801979enk    ||     000 1|eng  </controlfield>
        <datafield tag="015" ind1=" " ind2=" ">
            <subfield code="a">GB8004463</subfield>
            <subfield code="2">bnb</subfield>
        </datafield>
        <datafield tag="019" ind1="1" ind2=" ">
            <subfield code="a">0701125063</subfield>
        </datafield>
        <datafield tag="019" ind1="9" ind2=" ">
            <subfield code="a">0701125063</subfield>
        </datafield>
        <datafield tag="019" ind1="y" ind2=" ">
            <subfield code="a">B8004463</subfield>
        </datafield>
        <datafield tag="020" ind1=" " ind2=" ">
            <subfield code="a">0701125063 :</subfield>
            <subfield code="c">£6.95</subfield>
        </datafield>
        <datafield tag="040" ind1=" " ind2=" ">
            <subfield code="a">Uk</subfield>
            <subfield code="c">Uk</subfield>
        </datafield>
        <datafield tag="082" ind1="0" ind2="4">
            <subfield code="a">823/.9/1</subfield>
            <subfield code="2">18</subfield>
        </datafield>
        <datafield tag="100" ind1="1" ind2=" ">
            <subfield code="a">McCarthy, Cormac,</subfield>
            <subfield code="d">1933-2023.</subfield>
        </datafield>
        <datafield tag="245" ind1="1" ind2="0">
            <subfield code="a">Suttree /</subfield>
            <subfield code="c">Cormac McCarthy.</subfield>
        </datafield>
        <datafield tag="260" ind1=" " ind2=" ">
            <subfield code="a">London :</subfield>
            <subfield code="b">Chatto and Windus,</subfield>
            <subfield code="c">1980.</subfield>
        </datafield>
        <datafield tag="300" ind1=" " ind2=" ">
            <subfield code="a">[6],471p. ;</subfield>
            <subfield code="c">22cm.</subfield>
        </datafield>
        <datafield tag="336" ind1=" " ind2=" ">
            <subfield code="a">text</subfield>
            <subfield code="2">rdacontent</subfield>
        </datafield>
        <datafield tag="337" ind1=" " ind2=" ">
            <subfield code="a">unmediated</subfield>
            <subfield code="2">rdamedia</subfield>
        </datafield>
        <datafield tag="338" ind1=" " ind2=" ">
            <subfield code="a">volume</subfield>
            <subfield code="2">rdacarrier</subfield>
        </datafield>
        <datafield tag="500" ind1=" " ind2=" ">
            <subfield code="a">Originally published : New York : Random House, 1979.</subfield>
        </datafield>
        <datafield tag="650" ind1=" " ind2="0">
            <subfield code="a">Fiction in English.</subfield>
        </datafield>
        <datafield tag="653" ind1=" " ind2=" ">
            <subfield code="a">Fiction in English</subfield>
            <subfield code="a">1900-</subfield>
            <subfield code="a">Texts</subfield>
        </datafield>
        <datafield tag="852" ind1="4" ind2="1">
            <subfield code="a">British Library</subfield>
            <subfield code="b">HMNTS</subfield>
            <subfield code="j">X.989/88425</subfield>
        </datafield>
        <datafield tag="957" ind1=" " ind2=" ">
            <subfield code="a">800401c</subfield>
        </datafield>
    </record>