
    <record>
        <leader>01192nam a22003377u 4500</leader>
        <controlfield tag="001">008509995</controlfield>
        <controlfield tag="003">Uk</controlfield>
        <controlfield tag="005">20040728110406.0</controlfield>
        <controlfield tag="008">040406s2003    fr       b    100 0 fre  </controlfield>
        <datafield tag="019" ind1="a" ind2=" ">
            <subfield code="a">G08066802</subfield>
        </datafield>
        <datafield tag="019" ind1="g" ind2=" ">
            <subfield code="a">adv5005464182</subfield>
        </datafield>
        <datafield tag="020" ind1=" " ind2=" ">
            <subfield code="a">2904835911 (pbk.)</subfield>
            <subfield code="c">No price</subfield>
        </datafield>
        <datafield tag="040" ind1=" " ind2=" ">
            <subfield code="a">Uk</subfield>
            <subfield code="b">eng</subfield>
            <subfield code="c">Uk</subfield>
        </datafield>
        <datafield tag="041" ind1="0" ind2=" ">
            <subfield code="a">fre</subfield>
            <subfield code="a">eng</subfield>
        </datafield>
        <datafield tag="245" ind1="0" ind2="0">
            <subfield code="a">Cormac McCarthy :</subfield>
            <subfield code="b">uncharted territories = territoires inconnus /</subfield>
            <subfield code="c">textes coordonnés par Christine Chollier.</subfield>
        </datafield>
        <datafield tag="260" ind1=" " ind2=" ">
            <subfield code="a">Reims, France :</subfield>
            <subfield code="b">Presses Universitaires de Reims,</subfield>
            <subfield code="c">2003.</subfield>
        </datafield>
        <datafield tag="300" ind1=" " ind2=" ">
            <subfield code="a">345 p. ;</subfield>
            <subfield code="c">21 cm.</subfield>
        </datafield>
        <datafield tag="336" ind1=" " ind2=" ">
            <subfield code="a">text</subfield>
            <subfield code="2">rdacontent</subfield>
        </datafield>
        <datafield tag="337" ind1=" " ind2=" ">
            <subfield code="a">unmediated</subfield>
            <subfield code="2">rdamedia</subfield>
        </datafield>
        <datafield tag="338" ind1=" " ind2=" ">
            <subfield code="a">volume</subfield>
            <subfield code="2">rdacarrier</subfield>
        </datafield>
        <datafield tag="504" ind1=" " ind2=" ">
            <subfield code="a">Includes bibliographical references.</subfield>
        </datafield>
        <datafield tag="546" ind1=" " ind2=" ">
            <subfield code="a">Papers in French or English.</subfield>
        </datafield>
        <datafield tag="591" ind1=" " ind2=" ">
            <subfield code="a">Papers.</subfield>
        </datafield>
        <datafield tag="653" ind1="1" ind2=" ">
            <subfield code="a">McCarthy</subfield>
        </datafield>
        <datafield tag="653" ind1="1" ind2=" ">
            <subfield code="a">Territoires inconnus</subfield>
        </datafield>
        <datafield tag="653" ind1="1" ind2=" ">
            <subfield code="a">Uncharted territories</subfield>
        </datafield>
        <datafield tag="700" ind1="1" ind2=" ">
            <subfield code="a">Chollier, Christine.</subfield>
        </datafield>
        <datafield tag="710" ind1="2" ind2=" ">
            <subfield code="a">Cormac McCarthy Society.</subfield>
        </datafield>
        <datafield tag="710" ind1="2" ind2=" ">
            <subfield code="a">Université de Reims Champagne-Ardenne.</subfield>
            <subfield code="b">Centre de Recherches sur l'Interprétation, l'Identité et l'Imaginaire dans les Littératures de Langue Anglaise.</subfield>
        </datafield>
        <datafield tag="852" ind1="4" ind2="1">
            <subfield code="a">British Library</subfield>
            <subfield code="b">DSC</subfield>
            <subfield code="j">X29/6563</subfield>
        </datafield>
        <datafield tag="966" ind1=" " ind2=" ">
            <subfield code="u">o</subfield>
            <subfield code="l">ACQUIS 07/04/2004</subfield>
        </datafield>
    </record>