
    <record>
        <leader>02810cgm a22005057a 4500</leader>
        <controlfield tag="001">15894496</controlfield>
        <controlfield tag="003">LC</controlfield>
        <controlfield tag="005">20230613175720.0</controlfield>
        <controlfield tag="007">mr c|aaf|nara||ac------</controlfield>
        <controlfield tag="008">090904s2007    xxu122            mleng  </controlfield>
        <datafield tag="010" ind1=" " ind2=" ">
            <subfield code="a">  2009597782</subfield>
        </datafield>
        <datafield tag="017" ind1=" " ind2=" ">
            <subfield code="a">PA0001605997</subfield>
            <subfield code="b">U.S. Copyright Office</subfield>
        </datafield>
        <datafield tag="040" ind1=" " ind2=" ">
            <subfield code="a">DLC</subfield>
            <subfield code="c">DLC</subfield>
            <subfield code="e">amim</subfield>
            <subfield code="d">DLC</subfield>
        </datafield>
        <datafield tag="050" ind1="0" ind2="0">
            <subfield code="a">CGE 4204-4209 (viewing print)</subfield>
        </datafield>
        <datafield tag="130" ind1="0" ind2=" ">
            <subfield code="a">No country for old men (Motion picture)</subfield>
        </datafield>
        <datafield tag="245" ind1="1" ind2="0">
            <subfield code="a">No country for old men /</subfield>
            <subfield code="c">a Miramax, Paramount Vantage presentation of a Scott Rudin/Mike Zoss production ; directed, written by Joel Coen, Ethan Coen ; produced by Scott Rudin, Ethan Coen, Joel Coen.</subfield>
        </datafield>
        <datafield tag="257" ind1=" " ind2=" ">
            <subfield code="a">United States.</subfield>
        </datafield>
        <datafield tag="260" ind1=" " ind2=" ">
            <subfield code="a">United States :</subfield>
            <subfield code="b">Miramax Films,</subfield>
            <subfield code="c">2007.</subfield>
        </datafield>
        <datafield tag="300" ind1=" " ind2=" ">
            <subfield code="3">viewing print.</subfield>
            <subfield code="a">12 film reels of 12 on 6 (ca. 122 min., ca. 10,980 ft.) :</subfield>
            <subfield code="b">sd. (opt, Dolby SR, digital, Dolby SRD, SDDS), col. ;</subfield>
            <subfield code="c">35 mm.</subfield>
        </datafield>
        <datafield tag="500" ind1=" " ind2=" ">
            <subfield code="a">Based on the novel by Cormac McCarthy.</subfield>
        </datafield>
        <datafield tag="500" ind1=" " ind2=" ">
            <subfield code="a">Not viewed.</subfield>
        </datafield>
        <datafield tag="500" ind1=" " ind2=" ">
            <subfield code="a">Sources used: copyright database; All-movie guide WWW site, Sept. 4, 2009; Variety WWW site, review posted May 18, 2007, viewed Sept. 4, 2009; Internet movie database, via WWW, Sept. 4, 2009; FirstSearch, via WWW, OCLC 184908513, Sept. 4, 2009.</subfield>
        </datafield>
        <datafield tag="500" ind1=" " ind2=" ">
            <subfield code="a">Summary adapted from All-movie guide WWW site, Sept. 4, 2009, Sept. 4, 2009.</subfield>
        </datafield>
        <datafield tag="508" ind1=" " ind2=" ">
            <subfield code="a">Executive producers, Robert Graf, Mark Roybal ; camera, Roger Deakins ; editor, Roderick Jaynes ; music, Carter Burwell ; production designer, Jess Gonchor.</subfield>
        </datafield>
        <datafield tag="511" ind1="1" ind2=" ">
            <subfield code="a">Tommy Lee Jones, Javier Bardem, Josh Brolin, Woody Harrelson, Kelly Macdonald, Garret Dillahunt, Tess Harper, Barry Corbin, Stephen Root, Rodger Boyce, Beth Grant, Ana Reeder.</subfield>
        </datafield>
        <datafield tag="520" ind1=" " ind2=" ">
            <subfield code="a">When a Vietnam veteran discovers two million dollars while wandering through the aftermath of a Texas drug deal gone awry, his decision to abscond with the cash sets off a violent chain reaction in a once peaceful Texas town.</subfield>
        </datafield>
        <datafield tag="521" ind1=" " ind2=" ">
            <subfield code="a">MPAA rating: R.</subfield>
        </datafield>
        <datafield tag="650" ind1=" " ind2="0">
            <subfield code="a">Drug couriers</subfield>
            <subfield code="z">Mexican-American Border Region</subfield>
            <subfield code="v">Drama.</subfield>
        </datafield>
        <datafield tag="650" ind1=" " ind2="0">
            <subfield code="a">Sheriffs</subfield>
            <subfield code="z">Texas</subfield>
            <subfield code="v">Drama.</subfield>
        </datafield>
        <datafield tag="650" ind1=" " ind2="0">
            <subfield code="a">Veterans</subfield>
            <subfield code="z">Texas</subfield>
            <subfield code="v">Drama.</subfield>
        </datafield>
        <datafield tag="655" ind1=" " ind2="7">
            <subfield code="a">Crime films.</subfield>
            <subfield code="2">lcgft</subfield>
        </datafield>
        <datafield tag="655" ind1=" " ind2="7">
            <subfield code="a">Feature films.</subfield>
            <subfield code="2">lcgft</subfield>
        </datafield>
        <datafield tag="655" ind1=" " ind2="7">
            <subfield code="a">Fiction films.</subfield>
            <subfield code="2">lcgft</subfield>
        </datafield>
        <datafield tag="655" ind1=" " ind2="7">
            <subfield code="a">Thrillers (Motion pictures)</subfield>
            <subfield code="2">lcgft</subfield>
        </datafield>
        <datafield tag="700" ind1="1" ind2=" ">
            <subfield code="a">Bardem, Javier,</subfield>
            <subfield code="d">1969-</subfield>
            <subfield code="e">cast.</subfield>
        </datafield>
        <datafield tag="700" ind1="1" ind2=" ">
            <subfield code="a">Brolin, Josh,</subfield>
            <subfield code="e">cast.</subfield>
        </datafield>
        <datafield tag="700" ind1="1" ind2=" ">
            <subfield code="a">Coen, Ethan,</subfield>
            <subfield code="e">direction,</subfield>
            <subfield code="e">production,</subfield>
            <subfield code="e">writing.</subfield>
        </datafield>
        <datafield tag="700" ind1="1" ind2=" ">
            <subfield code="a">Coen, Joel,</subfield>
            <subfield code="e">direction,</subfield>
            <subfield code="e">production,</subfield>
            <subfield code="e">writing.</subfield>
        </datafield>
        <datafield tag="700" ind1="1" ind2=" ">
            <subfield code="a">Jones, Tommy Lee,</subfield>
            <subfield code="d">1946-</subfield>
            <subfield code="e">cast.</subfield>
        </datafield>
        <datafield tag="700" ind1="1" ind2=" ">
            <subfield code="a">McCarthy, Cormac,</subfield>
            <subfield code="d">1933-2023.</subfield>
            <subfield code="t">No country for old men.</subfield>
        </datafield>
        <datafield tag="700" ind1="1" ind2=" ">
            <subfield code="a">Rudin, Scott,</subfield>
            <subfield code="d">1958-</subfield>
            <subfield code="e">production.</subfield>
        </datafield>
        <datafield tag="710" ind1="2" ind2=" ">
            <subfield code="a">Copyright Collection (Library of Congress)</subfield>
            <subfield code="5">DLC</subfield>
        </datafield>
        <datafield tag="710" ind1="2" ind2=" ">
            <subfield code="a">Miramax Films.</subfield>
        </datafield>
        <datafield tag="710" ind1="2" ind2=" ">
            <subfield code="a">Paramount Vantage.</subfield>
        </datafield>
        <datafield tag="906" ind1=" " ind2=" ">
            <subfield code="a">0</subfield>
            <subfield code="b">cbc</subfield>
            <subfield code="c">orignew</subfield>
            <subfield code="d">u</subfield>
            <subfield code="e">ncip</subfield>
            <subfield code="f">20</subfield>
            <subfield code="g">y-movingim</subfield>
        </datafield>
    </record>