
    <record>
        <leader>04087cgm a22007577i 4500</leader>
        <controlfield tag="001">20236694</controlfield>
        <controlfield tag="003">LC</controlfield>
        <controlfield tag="005">20230613175712.0</controlfield>
        <controlfield tag="007">vd csaizq</controlfield>
        <controlfield tag="008">180103t20082008xxu122 |          mleng  </controlfield>
        <datafield tag="010" ind1=" " ind2=" ">
            <subfield code="a">  2017610695</subfield>
        </datafield>
        <datafield tag="020" ind1=" " ind2=" ">
            <subfield code="a">0788884492</subfield>
        </datafield>
        <datafield tag="020" ind1=" " ind2=" ">
            <subfield code="a">9780788884498</subfield>
        </datafield>
        <datafield tag="024" ind1="1" ind2=" ">
            <subfield code="a">786936750034</subfield>
        </datafield>
        <datafield tag="024" ind1="1" ind2="0">
            <subfield code="a">031398134848</subfield>
            <subfield code="d">80</subfield>
        </datafield>
        <datafield tag="028" ind1="4" ind2="2">
            <subfield code="a">55962</subfield>
            <subfield code="b">Miramax Films/Paramount Vantage</subfield>
        </datafield>
        <datafield tag="035" ind1=" " ind2=" ">
            <subfield code="a">(OCoLC)213482721</subfield>
        </datafield>
        <datafield tag="040" ind1=" " ind2=" ">
            <subfield code="a">DLC</subfield>
            <subfield code="b">eng</subfield>
            <subfield code="e">rda</subfield>
            <subfield code="c">DLC</subfield>
        </datafield>
        <datafield tag="041" ind1="1" ind2=" ">
            <subfield code="a">eng</subfield>
            <subfield code="j">eng</subfield>
            <subfield code="j">fre</subfield>
            <subfield code="j">spa</subfield>
            <subfield code="h">eng</subfield>
        </datafield>
        <datafield tag="043" ind1=" " ind2=" ">
            <subfield code="a">n-us-tx</subfield>
        </datafield>
        <datafield tag="046" ind1=" " ind2=" ">
            <subfield code="k">2007</subfield>
        </datafield>
        <datafield tag="050" ind1="0" ind2="0">
            <subfield code="a">DVE 2010 (viewing copy)</subfield>
        </datafield>
        <datafield tag="130" ind1="0" ind2=" ">
            <subfield code="a">No country for old men (Motion picture)</subfield>
        </datafield>
        <datafield tag="245" ind1="1" ind2="0">
            <subfield code="a">No country for old men /</subfield>
            <subfield code="c">Miramax Films and Paramount Vantage present a Scott Rudin/Mike Zoss production ; produced by Scott Rudin, Ethan Coen, Joel Coen ; written for the screen and directed by Joel Coen &amp; Ethan Coen.</subfield>
        </datafield>
        <datafield tag="257" ind1=" " ind2=" ">
            <subfield code="a">United States</subfield>
            <subfield code="2">naf</subfield>
        </datafield>
        <datafield tag="264" ind1=" " ind2="2">
            <subfield code="a">Burbank, California :</subfield>
            <subfield code="b">Distributed by Buena Vista Home Entertainment,</subfield>
            <subfield code="c">[2008]</subfield>
        </datafield>
        <datafield tag="264" ind1=" " ind2="4">
            <subfield code="c">©2008</subfield>
        </datafield>
        <datafield tag="300" ind1=" " ind2=" ">
            <subfield code="3">viewing copy</subfield>
            <subfield code="a">1 videodisc (approximately 122 min.) :</subfield>
            <subfield code="b">sound, color ;</subfield>
            <subfield code="c">4 3/4 in.</subfield>
        </datafield>
        <datafield tag="336" ind1=" " ind2=" ">
            <subfield code="a">two-dimensional moving image</subfield>
            <subfield code="b">tdi</subfield>
            <subfield code="2">rdacontent</subfield>
        </datafield>
        <datafield tag="337" ind1=" " ind2=" ">
            <subfield code="a">video</subfield>
            <subfield code="b">v</subfield>
            <subfield code="2">rdamedia</subfield>
        </datafield>
        <datafield tag="338" ind1=" " ind2=" ">
            <subfield code="a">videodisc</subfield>
            <subfield code="b">vd</subfield>
            <subfield code="2">rdacarrier</subfield>
        </datafield>
        <datafield tag="340" ind1=" " ind2=" ">
            <subfield code="b">4 3/4 in.</subfield>
        </datafield>
        <datafield tag="344" ind1=" " ind2=" ">
            <subfield code="a">digital</subfield>
            <subfield code="b">optical</subfield>
            <subfield code="g">surround</subfield>
            <subfield code="h">5.1 Uncompressed (48 kHz/24-bit)</subfield>
            <subfield code="2">rda</subfield>
        </datafield>
        <datafield tag="347" ind1=" " ind2=" ">
            <subfield code="a">video file</subfield>
            <subfield code="b">Blu-ray</subfield>
            <subfield code="d">1080p</subfield>
            <subfield code="e">region A</subfield>
            <subfield code="2">rda</subfield>
        </datafield>
        <datafield tag="380" ind1=" " ind2=" ">
            <subfield code="a">Motion picture</subfield>
        </datafield>
        <datafield tag="500" ind1=" " ind2=" ">
            <subfield code="a">Aspect ratio: widescreen (2.35:1).</subfield>
        </datafield>
        <datafield tag="500" ind1=" " ind2=" ">
            <subfield code="a">Based on the novel by Cormac McCarthy.</subfield>
        </datafield>
        <datafield tag="500" ind1=" " ind2=" ">
            <subfield code="a">Originally released as a motion picture in 2007.</subfield>
        </datafield>
        <datafield tag="500" ind1=" " ind2=" ">
            <subfield code="a">Special features: Working with the Coens; the making of; diary of a country sheriff; total menus.</subfield>
        </datafield>
        <datafield tag="500" ind1=" " ind2=" ">
            <subfield code="a">Title from container.</subfield>
        </datafield>
        <datafield tag="511" ind1="1" ind2=" ">
            <subfield code="a">Tommy Lee Jones, Javier Bardem, Josh Brolin.</subfield>
        </datafield>
        <datafield tag="520" ind1=" " ind2=" ">
            <subfield code="a">Llewelyn Moss is a Vietnam vet who could use a break. One morning while hunting antelope, he spies several trucks surrounded by dead bodies. He decides to examine the site. He finds a case filled with $2 million and a truck loaded with heroin. Moss takes it with him, tells his wife he's going away for awhile, and hits the road until he can determine his next move. On his the way from El Paso to the Mexican border, he discovers he's being followed by ex-special ops agent Chigurh. Chigurh's weapon of choice is a cattle gun, and he uses it on everyone who gets in his way. Just as Sheriff Bell, a World War II vet, is on Moss's trail, Chigurh's former colleague, Wells, is on his.</subfield>
        </datafield>
        <datafield tag="538" ind1=" " ind2=" ">
            <subfield code="a">Requires Blu-ray player.</subfield>
        </datafield>
        <datafield tag="546" ind1=" " ind2=" ">
            <subfield code="a">English dialogue; optional English subtitled for the deaf and hard of hearing; optional French or Spanish subtitles.</subfield>
        </datafield>
        <datafield tag="586" ind1="8" ind2=" ">
            <subfield code="a">Academy Awards, 2008: Best Achievement in Directing; Best Motion Picture of the Year; Best Performance by an Actor in a Supporting Role (Bardem); Best Writing, Screenplay Based on Material Previously Produced or Published</subfield>
        </datafield>
        <datafield tag="650" ind1=" " ind2="0">
            <subfield code="a">Criminal behavior</subfield>
            <subfield code="z">Texas</subfield>
            <subfield code="v">Drama.</subfield>
        </datafield>
        <datafield tag="650" ind1=" " ind2="0">
            <subfield code="a">Receiving stolen goods</subfield>
            <subfield code="z">Texas</subfield>
            <subfield code="v">Drama.</subfield>
        </datafield>
        <datafield tag="650" ind1=" " ind2="0">
            <subfield code="a">Sheriffs</subfield>
            <subfield code="z">Texas</subfield>
            <subfield code="v">Drama.</subfield>
        </datafield>
        <datafield tag="650" ind1=" " ind2="0">
            <subfield code="a">Veterans</subfield>
            <subfield code="z">Texas</subfield>
            <subfield code="v">Drama.</subfield>
        </datafield>
        <datafield tag="655" ind1=" " ind2="7">
            <subfield code="a">Crime films.</subfield>
            <subfield code="2">lcgft</subfield>
        </datafield>
        <datafield tag="655" ind1=" " ind2="7">
            <subfield code="a">Feature films.</subfield>
            <subfield code="2">lcgft</subfield>
        </datafield>
        <datafield tag="655" ind1=" " ind2="7">
            <subfield code="a">Fiction films.</subfield>
            <subfield code="2">lcgft</subfield>
        </datafield>
        <datafield tag="655" ind1=" " ind2="7">
            <subfield code="a">Thrillers (Motion pictures)</subfield>
            <subfield code="2">lcgft</subfield>
        </datafield>
        <datafield tag="700" ind1="1" ind2=" ">
            <subfield code="a">Bardem, Javier,</subfield>
            <subfield code="d">1969-</subfield>
            <subfield code="e">actor.</subfield>
        </datafield>
        <datafield tag="700" ind1="1" ind2=" ">
            <subfield code="a">Brolin, Josh,</subfield>
            <subfield code="e">actor.</subfield>
        </datafield>
        <datafield tag="700" ind1="1" ind2=" ">
            <subfield code="a">Coen, Ethan,</subfield>
            <subfield code="e">film director,</subfield>
            <subfield code="e">film producer,</subfield>
            <subfield code="e">screenwriter.</subfield>
        </datafield>
        <datafield tag="700" ind1="1" ind2=" ">
            <subfield code="a">Coen, Joel,</subfield>
            <subfield code="e">film director,</subfield>
            <subfield code="e">film producer,</subfield>
            <subfield code="e">screenwriter.</subfield>
        </datafield>
        <datafield tag="700" ind1="1" ind2=" ">
            <subfield code="a">Jones, Tommy Lee,</subfield>
            <subfield code="d">1946-</subfield>
            <subfield code="e">actor.</subfield>
        </datafield>
        <datafield tag="700" ind1="1" ind2=" ">
            <subfield code="a">Rudin, Scott,</subfield>
            <subfield code="d">1958-</subfield>
            <subfield code="e">film producer.</subfield>
        </datafield>
        <datafield tag="700" ind1="1" ind2=" ">
            <subfield code="i">Motion picture adaptation of (work):</subfield>
            <subfield code="a">McCarthy, Cormac,</subfield>
            <subfield code="d">1933-2023.</subfield>
            <subfield code="t">No country for old men.</subfield>
        </datafield>
        <datafield tag="710" ind1="2" ind2=" ">
            <subfield code="a">Buena Vista Home Entertainment (Firm),</subfield>
            <subfield code="e">film distributor.</subfield>
        </datafield>
        <datafield tag="710" ind1="2" ind2=" ">
            <subfield code="a">Miramax Films,</subfield>
            <subfield code="e">production company.</subfield>
        </datafield>
        <datafield tag="710" ind1="2" ind2=" ">
            <subfield code="a">Paramount Vantage,</subfield>
            <subfield code="e">production company.</subfield>
        </datafield>
        <datafield tag="773" ind1="0" ind2=" ">
            <subfield code="t">Snelson (John) Collection (Library of Congress)</subfield>
        </datafield>
        <datafield tag="906" ind1=" " ind2=" ">
            <subfield code="a">7</subfield>
            <subfield code="b">cbc</subfield>
            <subfield code="c">origres</subfield>
            <subfield code="d">u</subfield>
            <subfield code="e">ncip</subfield>
            <subfield code="f">20</subfield>
            <subfield code="g">y-movingim</subfield>
        </datafield>
        <datafield tag="955" ind1=" " ind2=" ">
            <subfield code="a">qm25 2018-01-03 z-client</subfield>
            <subfield code="i">qm25 2018-01-03</subfield>
        </datafield>
    </record>