
    <record>
        <leader>03041cgm a22005657a 4500</leader>
        <controlfield tag="001">20691857</controlfield>
        <controlfield tag="003">LC</controlfield>
        <controlfield tag="005">20230613175700.0</controlfield>
        <controlfield tag="007">mr cdaafqnarp|||c------</controlfield>
        <controlfield tag="008">181001s2009    xxu111            mleng  </controlfield>
        <datafield tag="010" ind1=" " ind2=" ">
            <subfield code="a">  2018601801</subfield>
        </datafield>
        <datafield tag="017" ind1=" " ind2=" ">
            <subfield code="a">PA0001661107</subfield>
            <subfield code="b">U.S. Copyright Office</subfield>
        </datafield>
        <datafield tag="040" ind1=" " ind2=" ">
            <subfield code="a">DLC</subfield>
            <subfield code="c">DLC</subfield>
            <subfield code="e">amim</subfield>
        </datafield>
        <datafield tag="050" ind1="0" ind2="0">
            <subfield code="a">CGE 5010-5015 (viewing print)</subfield>
        </datafield>
        <datafield tag="130" ind1="0" ind2=" ">
            <subfield code="a">Road (Motion picture : 2009)</subfield>
        </datafield>
        <datafield tag="245" ind1="1" ind2="4">
            <subfield code="a">The road /</subfield>
            <subfield code="c">a Dimension Films release presented with 2929 Productions of a Nick Wechsler and Chockstone Pictures production ; directed by John Hillcoat ; produced by Nick Wechsler, Paula Mae Schwartz, Steve Schwartz ; screenplay by Joe Penhall.</subfield>
        </datafield>
        <datafield tag="257" ind1=" " ind2=" ">
            <subfield code="a">United States.</subfield>
        </datafield>
        <datafield tag="260" ind1=" " ind2=" ">
            <subfield code="a">United States :</subfield>
            <subfield code="b">Dimension,</subfield>
            <subfield code="c">2009.</subfield>
        </datafield>
        <datafield tag="300" ind1=" " ind2=" ">
            <subfield code="3">viewing print</subfield>
            <subfield code="a">12 film reels of 12 on 6 (2009 min., 9,990 ft.) :</subfield>
            <subfield code="b">anamorphic, sd. (opt, Dolby SR, digital, Dolby SR-D, SDDS, DTS), col. ;</subfield>
            <subfield code="c">35 mm.</subfield>
        </datafield>
        <datafield tag="500" ind1=" " ind2=" ">
            <subfield code="a">Aspect ratio is 2.35:1.</subfield>
        </datafield>
        <datafield tag="500" ind1=" " ind2=" ">
            <subfield code="a">Based on the novel by Cormac McCarthy.</subfield>
        </datafield>
        <datafield tag="500" ind1=" " ind2=" ">
            <subfield code="a">Not viewed.</subfield>
        </datafield>
        <datafield tag="500" ind1=" " ind2=" ">
            <subfield code="a">Sources used: Internet movie database, October 1, 2018; Variety, September 3, 2009; Copyright catalog online.</subfield>
        </datafield>
        <datafield tag="508" ind1=" " ind2=" ">
            <subfield code="a">Executive producers, Todd Wagner, Mark Cuban, Marc Butan, Rudd Simmons ; camera, Javier Aguirresarobe ; editor, Jon Gregory ; music, Nick Cave, Warren Ellis ; production designer, Chris Kennedy ; art director, Gershon Ginsburg ; set decorator, Robert Greenfield ; costume designer, Margot Wilson ; sound, Edward Tise.</subfield>
        </datafield>
        <datafield tag="511" ind1="1" ind2=" ">
            <subfield code="a">Viggo Mortensen, Kodi Smit-McPhee, Robert Duvall, Charlize Theron, Guy Pearce.</subfield>
        </datafield>
        <datafield tag="520" ind1=" " ind2=" ">
            <subfield code="a">&quot;A father (Viggo Mortensen) and son make their way across a post-apocalyptic United States in hopes of finding civilization amongst the nomadic cannibal tribes in 2929 Productions' adaptation of Cormac McCarthy's thrilling Pulitzer Prize-winning novel The Road. John Hillcoat (The Proposition) directs from a screenplay provided by Joe Penhall. Charlize Theron co-stars in the Dimension Films release&quot;--Allmovie.com, viewed October 1, 2018.</subfield>
        </datafield>
        <datafield tag="521" ind1="8" ind2=" ">
            <subfield code="a">MPAA rating: R.</subfield>
        </datafield>
        <datafield tag="650" ind1=" " ind2="0">
            <subfield code="a">Cannibals</subfield>
            <subfield code="v">Drama.</subfield>
        </datafield>
        <datafield tag="650" ind1=" " ind2="0">
            <subfield code="a">Fathers and sons</subfield>
            <subfield code="v">Drama.</subfield>
        </datafield>
        <datafield tag="650" ind1=" " ind2="0">
            <subfield code="a">Survival</subfield>
            <subfield code="v">Drama.</subfield>
        </datafield>
        <datafield tag="655" ind1=" " ind2="7">
            <subfield code="a">Apocalyptic films.</subfield>
            <subfield code="2">lcgft</subfield>
        </datafield>
        <datafield tag="655" ind1=" " ind2="7">
            <subfield code="a">Feature films.</subfield>
            <subfield code="2">lcgft</subfield>
        </datafield>
        <datafield tag="655" ind1=" " ind2="7">
            <subfield code="a">Fiction films.</subfield>
            <subfield code="2">lcgft</subfield>
        </datafield>
        <datafield tag="655" ind1=" " ind2="7">
            <subfield code="a">Road films.</subfield>
            <subfield code="2">lcgft</subfield>
        </datafield>
        <datafield tag="700" ind1="1" ind2=" ">
            <subfield code="a">Duvall, Robert,</subfield>
            <subfield code="e">cast.</subfield>
        </datafield>
        <datafield tag="700" ind1="1" ind2=" ">
            <subfield code="a">Hillcoat, John,</subfield>
            <subfield code="d">1961-</subfield>
            <subfield code="e">direction.</subfield>
        </datafield>
        <datafield tag="700" ind1="1" ind2=" ">
            <subfield code="a">McCarthy, Cormac,</subfield>
            <subfield code="d">1933-2023.</subfield>
            <subfield code="t">Road.</subfield>
        </datafield>
        <datafield tag="700" ind1="1" ind2=" ">
            <subfield code="a">Mortensen, Viggo,</subfield>
            <subfield code="d">1958-</subfield>
            <subfield code="e">cast.</subfield>
        </datafield>
        <datafield tag="700" ind1="1" ind2=" ">
            <subfield code="a">Penhall, Joe,</subfield>
            <subfield code="e">writing.</subfield>
        </datafield>
        <datafield tag="700" ind1="1" ind2=" ">
            <subfield code="a">Schwartz, Paula Mae,</subfield>
            <subfield code="e">production.</subfield>
        </datafield>
        <datafield tag="700" ind1="1" ind2=" ">
            <subfield code="a">Smit-McPhee, Kodi,</subfield>
            <subfield code="e">cast.</subfield>
        </datafield>
        <datafield tag="700" ind1="1" ind2=" ">
            <subfield code="a">Wechsler, Nick,</subfield>
            <subfield code="e">production.</subfield>
        </datafield>
        <datafield tag="710" ind1="2" ind2=" ">
            <subfield code="a">2929 Productions (Firm)</subfield>
        </datafield>
        <datafield tag="710" ind1="2" ind2=" ">
            <subfield code="a">Chockstone Pictures.</subfield>
        </datafield>
        <datafield tag="710" ind1="2" ind2=" ">
            <subfield code="a">Copyright Collection (Library of Congress)</subfield>
            <subfield code="5">DLC</subfield>
        </datafield>
        <datafield tag="710" ind1="2" ind2=" ">
            <subfield code="a">Dimension Films (1990- )</subfield>
        </datafield>
        <datafield tag="710" ind1="2" ind2=" ">
            <subfield code="a">Nick Wechsler Productions.</subfield>
        </datafield>
        <datafield tag="786" ind1="1" ind2="8">
            <subfield code="t">Road</subfield>
            <subfield code="w">(DLC) 1850709</subfield>
            <subfield code="n">MAVIS</subfield>
        </datafield>
        <datafield tag="906" ind1=" " ind2=" ">
            <subfield code="a">7</subfield>
            <subfield code="b">cbc</subfield>
            <subfield code="c">orignew</subfield>
            <subfield code="d">u</subfield>
            <subfield code="e">ncip</subfield>
            <subfield code="f">20</subfield>
            <subfield code="g">y-movingim</subfield>
        </datafield>
        <datafield tag="955" ind1=" " ind2=" ">
            <subfield code="b">qm25 2018-10-01</subfield>
        </datafield>
    </record>