
    <record>
        <leader>01824cam a2200385 a 4500</leader>
        <controlfield tag="001">15129827</controlfield>
        <controlfield tag="003">LC</controlfield>
        <controlfield tag="005">20230613175652.0</controlfield>
        <controlfield tag="008">080107s2008    txua     b   s000 0 eng  </controlfield>
        <datafield tag="010" ind1=" " ind2=" ">
            <subfield code="a">  2008000384</subfield>
        </datafield>
        <datafield tag="020" ind1=" " ind2=" ">
            <subfield code="a">0292718608 (cloth : alk. paper)</subfield>
        </datafield>
        <datafield tag="020" ind1=" " ind2=" ">
            <subfield code="a">9780292718609 (cloth : alk. paper)</subfield>
        </datafield>
        <datafield tag="035" ind1=" " ind2=" ">
            <subfield code="a">(OCoLC)190620333</subfield>
        </datafield>
        <datafield tag="035" ind1=" " ind2=" ">
            <subfield code="a">(OCoLC)ocn190620333</subfield>
        </datafield>
        <datafield tag="040" ind1=" " ind2=" ">
            <subfield code="a">DLC</subfield>
            <subfield code="c">DLC</subfield>
            <subfield code="d">BTCTA</subfield>
            <subfield code="d">BAKER</subfield>
            <subfield code="d">YDXCP</subfield>
            <subfield code="d">OCLCG</subfield>
            <subfield code="d">C#P</subfield>
            <subfield code="d">BWX</subfield>
            <subfield code="d">DLC</subfield>
        </datafield>
        <datafield tag="050" ind1="0" ind2="0">
            <subfield code="a">N6537.D7</subfield>
            <subfield code="b">A4 2008</subfield>
        </datafield>
        <datafield tag="082" ind1="0" ind2="0">
            <subfield code="a">760.092</subfield>
            <subfield code="2">22</subfield>
        </datafield>
        <datafield tag="100" ind1="1" ind2=" ">
            <subfield code="a">Drake, James,</subfield>
            <subfield code="d">1946-</subfield>
        </datafield>
        <datafield tag="245" ind1="1" ind2="0">
            <subfield code="a">James Drake /</subfield>
            <subfield code="c">introduction by Bruce W. Ferguson ; essay by Steven Henry Madoff ; poem by Jimmy Santiago Baca ; excerpts by Cormac McCarthy.</subfield>
        </datafield>
        <datafield tag="250" ind1=" " ind2=" ">
            <subfield code="a">1st ed.</subfield>
        </datafield>
        <datafield tag="260" ind1=" " ind2=" ">
            <subfield code="a">Austin :</subfield>
            <subfield code="b">University of Texas Press,</subfield>
            <subfield code="c">2008.</subfield>
        </datafield>
        <datafield tag="300" ind1=" " ind2=" ">
            <subfield code="a">236 p. ;</subfield>
            <subfield code="b">ill. (some col.) ;</subfield>
            <subfield code="c">32 cm.</subfield>
        </datafield>
        <datafield tag="490" ind1="1" ind2=" ">
            <subfield code="a">M. Georgia Hegarty Dunkerley contemporary art series</subfield>
        </datafield>
        <datafield tag="504" ind1=" " ind2=" ">
            <subfield code="a">Includes bibliographical references (p. [231]-236).</subfield>
        </datafield>
        <datafield tag="600" ind1="1" ind2="0">
            <subfield code="a">Drake, James,</subfield>
            <subfield code="d">1946-</subfield>
            <subfield code="x">Themes, motives.</subfield>
        </datafield>
        <datafield tag="700" ind1="1" ind2=" ">
            <subfield code="a">Baca, Jimmy Santiago,</subfield>
            <subfield code="d">1952-</subfield>
        </datafield>
        <datafield tag="700" ind1="1" ind2=" ">
            <subfield code="a">Madoff, Steven Henry.</subfield>
        </datafield>
        <datafield tag="700" ind1="1" ind2=" ">
            <subfield code="a">McCarthy, Cormac,</subfield>
            <subfield code="d">1933-2023.</subfield>
        </datafield>
        <datafield tag="830" ind1=" " ind2="0">
            <subfield code="a">M. Georgia Hegarty Dunkerley contemporary art series.</subfield>
        </datafield>
        <datafield tag="856" ind1="4" ind2="1">
            <subfield code="3">Table of contents only</subfield>
            <subfield code="u">http://www.loc.gov/catdir/toc/ecip087/2008000384.html</subfield>
        </datafield>
        <datafield tag="856" ind1="4" ind2="2">
            <subfield code="3">Publisher description</subfield>
            <subfield code="u">http://www.loc.gov/catdir/enhancements/fy0827/2008000384-d.html</subfield>
        </datafield>
        <datafield tag="906" ind1=" " ind2=" ">
            <subfield code="a">7</subfield>
            <subfield code="b">cbc</subfield>
            <subfield code="c">orignew</subfield>
            <subfield code="d">1</subfield>
            <subfield code="e">ecip</subfield>
            <subfield code="f">20</subfield>
            <subfield code="g">y-gencatlg</subfield>
        </datafield>
        <datafield tag="925" ind1="0" ind2=" ">
            <subfield code="a">acquire</subfield>
            <subfield code="b">1 shelf copy</subfield>
            <subfield code="x">policy default</subfield>
        </datafield>
        <datafield tag="925" ind1="1" ind2=" ">
            <subfield code="a">acquire</subfield>
            <subfield code="b">2 shelf copies</subfield>
            <subfield code="x">policy default</subfield>
        </datafield>
        <datafield tag="955" ind1=" " ind2=" ">
            <subfield code="t">rg05 2009-07-18 Copy 2 added</subfield>
            <subfield code="a">jh52 2008-01-07</subfield>
            <subfield code="a">aa17 2008-01-08</subfield>
            <subfield code="a">xe11 2008-12-09 1 copy rec'd., to CIP ver.</subfield>
            <subfield code="c">jh52 2008-01-07</subfield>
            <subfield code="d">jk22 2008-01-07</subfield>
            <subfield code="e">jk22 2008-01-07 to Dewey</subfield>
            <subfield code="e">tc12 2010-08-31 Copy 1 to CALM</subfield>
            <subfield code="f">rc09 2008-12-17 Z-CipVer</subfield>
            <subfield code="g">rc09 2008-12-17 to BCCD;</subfield>
        </datafield>
    </record>