
    <record>
        <leader>01775cim a2200409 a 4500</leader>
        <controlfield tag="001">15039940</controlfield>
        <controlfield tag="003">LC</controlfield>
        <controlfield tag="005">20230613175620.0</controlfield>
        <controlfield tag="007">ss lunjlcmpnue</controlfield>
        <controlfield tag="008">071011s1993    nyunnn|        f  | eng d</controlfield>
        <datafield tag="010" ind1=" " ind2=" ">
            <subfield code="a">  2007658618</subfield>
        </datafield>
        <datafield tag="028" ind1="0" ind2="2">
            <subfield code="a">RH 290</subfield>
            <subfield code="b">Random House AudioBooks</subfield>
        </datafield>
        <datafield tag="035" ind1=" " ind2=" ">
            <subfield code="a">(OCoLC)ocm28446804</subfield>
        </datafield>
        <datafield tag="040" ind1=" " ind2=" ">
            <subfield code="a">JBL</subfield>
            <subfield code="c">JBL</subfield>
            <subfield code="d">VHB</subfield>
            <subfield code="d">OCL</subfield>
            <subfield code="d">OCLCQ</subfield>
            <subfield code="d">BTCTA</subfield>
            <subfield code="d">DLC</subfield>
        </datafield>
        <datafield tag="042" ind1=" " ind2=" ">
            <subfield code="a">lccopycat</subfield>
        </datafield>
        <datafield tag="043" ind1=" " ind2=" ">
            <subfield code="a">n-us-tx</subfield>
            <subfield code="a">n-mx---</subfield>
        </datafield>
        <datafield tag="050" ind1="0" ind2="0">
            <subfield code="a">RZC 0482</subfield>
        </datafield>
        <datafield tag="100" ind1="1" ind2=" ">
            <subfield code="a">McCarthy, Cormac,</subfield>
            <subfield code="d">1933-2023.</subfield>
        </datafield>
        <datafield tag="245" ind1="1" ind2="0">
            <subfield code="a">All the pretty horses</subfield>
            <subfield code="h">[sound recording] /</subfield>
            <subfield code="c">by Cormac McCarthy.</subfield>
        </datafield>
        <datafield tag="260" ind1=" " ind2=" ">
            <subfield code="a">New York, NY :</subfield>
            <subfield code="b">Random House AudioBooks,</subfield>
            <subfield code="c">p1993.</subfield>
        </datafield>
        <datafield tag="300" ind1=" " ind2=" ">
            <subfield code="a">2 sound cassettes (3 hrs.) :</subfield>
            <subfield code="b">analog.</subfield>
        </datafield>
        <datafield tag="306" ind1=" " ind2=" ">
            <subfield code="a">030000</subfield>
        </datafield>
        <datafield tag="490" ind1="1" ind2=" ">
            <subfield code="a">The Border trilogy ;</subfield>
            <subfield code="v">v. 1</subfield>
        </datafield>
        <datafield tag="500" ind1=" " ind2=" ">
            <subfield code="a">Abridged.</subfield>
        </datafield>
        <datafield tag="500" ind1=" " ind2=" ">
            <subfield code="a">In container (18 cm.).</subfield>
        </datafield>
        <datafield tag="511" ind1="0" ind2=" ">
            <subfield code="a">Read by Brad Pitt.</subfield>
        </datafield>
        <datafield tag="520" ind1=" " ind2=" ">
            <subfield code="a">The story of John Grady Cole, who at 16 finds himself at the dying end of a long line of Texas ranchers, cut off from the only life he has ever imagined for himself. To escape a society moving all the wrong directions, Cole and two companions decide to seek their fortune in Mexico. But what begins as an idyllic adventure leads to a place where dreams are paid for in blood.</subfield>
        </datafield>
        <datafield tag="650" ind1=" " ind2="0">
            <subfield code="a">Americans</subfield>
            <subfield code="z">Mexico</subfield>
            <subfield code="v">Fiction.</subfield>
        </datafield>
        <datafield tag="650" ind1=" " ind2="0">
            <subfield code="a">Cowboys</subfield>
            <subfield code="v">Fiction.</subfield>
        </datafield>
        <datafield tag="651" ind1=" " ind2="0">
            <subfield code="a">Mexican-American Border Region</subfield>
            <subfield code="v">Fiction.</subfield>
        </datafield>
        <datafield tag="651" ind1=" " ind2="0">
            <subfield code="a">Mexico</subfield>
            <subfield code="v">Fiction.</subfield>
        </datafield>
        <datafield tag="655" ind1=" " ind2="7">
            <subfield code="a">Western stories.</subfield>
            <subfield code="2">gsafd</subfield>
        </datafield>
        <datafield tag="700" ind1="1" ind2=" ">
            <subfield code="a">Pitt, Brad,</subfield>
            <subfield code="d">1963-</subfield>
            <subfield code="4">nrt</subfield>
        </datafield>
        <datafield tag="800" ind1="1" ind2=" ">
            <subfield code="a">McCarthy, Cormac,</subfield>
            <subfield code="d">1933-2023.</subfield>
            <subfield code="t">Border trilogy ;</subfield>
            <subfield code="v">v. 1.</subfield>
        </datafield>
        <datafield tag="906" ind1=" " ind2=" ">
            <subfield code="a">7</subfield>
            <subfield code="b">cbc</subfield>
            <subfield code="c">copycat</subfield>
            <subfield code="d">2</subfield>
            <subfield code="e">ncip</subfield>
            <subfield code="f">20</subfield>
            <subfield code="g">y-soundrec</subfield>
        </datafield>
        <datafield tag="925" ind1="0" ind2=" ">
            <subfield code="a">acquire</subfield>
            <subfield code="b">1 shelf copy</subfield>
            <subfield code="e">do not retain if CD copy is acquired</subfield>
            <subfield code="x">policy default</subfield>
        </datafield>
        <datafield tag="955" ind1=" " ind2=" ">
            <subfield code="a">qr30 2007-10-11 z-client</subfield>
            <subfield code="i">qr30 2007-10-11</subfield>
            <subfield code="e">qr30 2007-10-12 to MBRS</subfield>
        </datafield>
    </record>