
    <record>
        <leader>00835cam a2200265 a 4500</leader>
        <controlfield tag="001">4734416</controlfield>
        <controlfield tag="003">LC</controlfield>
        <controlfield tag="005">20230613175509.0</controlfield>
        <controlfield tag="008">840406r19841973nyu           000 1 eng  </controlfield>
        <datafield tag="010" ind1=" " ind2=" ">
            <subfield code="a">   84047972 </subfield>
        </datafield>
        <datafield tag="020" ind1=" " ind2=" ">
            <subfield code="a">0880010657 (pbk.) :</subfield>
            <subfield code="c">$7.50</subfield>
        </datafield>
        <datafield tag="035" ind1=" " ind2=" ">
            <subfield code="9">(DLC)   84047972</subfield>
        </datafield>
        <datafield tag="040" ind1=" " ind2=" ">
            <subfield code="a">DLC</subfield>
            <subfield code="c">DLC</subfield>
            <subfield code="d">DLC</subfield>
        </datafield>
        <datafield tag="050" ind1="1" ind2="0">
            <subfield code="a">PS3563.C337</subfield>
            <subfield code="b">C4 1984</subfield>
        </datafield>
        <datafield tag="082" ind1="0" ind2="0">
            <subfield code="a">813/.54</subfield>
            <subfield code="2">19</subfield>
        </datafield>
        <datafield tag="100" ind1="1" ind2=" ">
            <subfield code="a">McCarthy, Cormac,</subfield>
            <subfield code="d">1933-2023.</subfield>
        </datafield>
        <datafield tag="245" ind1="1" ind2="0">
            <subfield code="a">Child of God /</subfield>
            <subfield code="c">Cormac McCarthy.</subfield>
        </datafield>
        <datafield tag="260" ind1=" " ind2=" ">
            <subfield code="a">New York :</subfield>
            <subfield code="b">Ecco Press,</subfield>
            <subfield code="c">1984, c1973.</subfield>
        </datafield>
        <datafield tag="300" ind1=" " ind2=" ">
            <subfield code="a">197 p. ;</subfield>
            <subfield code="c">21 cm.</subfield>
        </datafield>
        <datafield tag="500" ind1=" " ind2=" ">
            <subfield code="a">Reprint. Originally published: New York : Random House, 1974, c1973.</subfield>
        </datafield>
        <datafield tag="650" ind1=" " ind2="0">
            <subfield code="a">Fugitives from justice</subfield>
            <subfield code="x">Fiction.</subfield>
        </datafield>
        <datafield tag="650" ind1=" " ind2="0">
            <subfield code="a">Psychopaths</subfield>
            <subfield code="x">Fiction.</subfield>
        </datafield>
        <datafield tag="651" ind1=" " ind2="0">
            <subfield code="a">Tennessee</subfield>
            <subfield code="x">Fiction.</subfield>
        </datafield>
        <datafield tag="655" ind1=" " ind2="7">
            <subfield code="a">Psychological fiction.</subfield>
            <subfield code="2">lcsh</subfield>
        </datafield>
        <datafield tag="906" ind1=" " ind2=" ">
            <subfield code="a">7</subfield>
            <subfield code="b">cbc</subfield>
            <subfield code="c">orignew</subfield>
            <subfield code="d">1</subfield>
            <subfield code="e">ocip</subfield>
            <subfield code="f">19</subfield>
            <subfield code="g">y-gencatlg</subfield>
        </datafield>
    </record>