
    <record>
        <leader>01092cam a2200289 i 4500</leader>
        <controlfield tag="001">17664040</controlfield>
        <controlfield tag="003">LC</controlfield>
        <controlfield tag="005">20230613175445.0</controlfield>
        <controlfield tag="008">130318s2013    nyu           000 d eng  </controlfield>
        <datafield tag="010" ind1=" " ind2=" ">
            <subfield code="a">  2013004415</subfield>
        </datafield>
        <datafield tag="020" ind1=" " ind2=" ">
            <subfield code="a">9780345803597 (pbk.)</subfield>
        </datafield>
        <datafield tag="020" ind1=" " ind2=" ">
            <subfield code="z">9780345803603 (ebk.)</subfield>
        </datafield>
        <datafield tag="040" ind1=" " ind2=" ">
            <subfield code="a">DLC</subfield>
            <subfield code="b">eng</subfield>
            <subfield code="c">DLC</subfield>
            <subfield code="e">rda</subfield>
            <subfield code="d">DLC</subfield>
        </datafield>
        <datafield tag="042" ind1=" " ind2=" ">
            <subfield code="a">pcc</subfield>
        </datafield>
        <datafield tag="050" ind1="0" ind2="0">
            <subfield code="a">PN1997.2</subfield>
            <subfield code="b">.C683 2013</subfield>
        </datafield>
        <datafield tag="082" ind1="0" ind2="0">
            <subfield code="a">812/.54</subfield>
            <subfield code="2">23</subfield>
        </datafield>
        <datafield tag="100" ind1="1" ind2=" ">
            <subfield code="a">McCarthy, Cormac,</subfield>
            <subfield code="d">1933-2023.</subfield>
        </datafield>
        <datafield tag="245" ind1="1" ind2="4">
            <subfield code="a">The counselor :</subfield>
            <subfield code="b">a screenplay /</subfield>
            <subfield code="c">Cormac McCarthy.</subfield>
        </datafield>
        <datafield tag="250" ind1=" " ind2=" ">
            <subfield code="a">First Vintage International Edition.</subfield>
        </datafield>
        <datafield tag="264" ind1=" " ind2="1">
            <subfield code="a">New York :</subfield>
            <subfield code="b">Vintage International, Vintage Books, A Division of Random House, LLC,</subfield>
            <subfield code="c">[2013]</subfield>
        </datafield>
        <datafield tag="300" ind1=" " ind2=" ">
            <subfield code="a">184 pages ;</subfield>
            <subfield code="c">21 cm</subfield>
        </datafield>
        <datafield tag="336" ind1=" " ind2=" ">
            <subfield code="a">text</subfield>
            <subfield code="2">rdacontent</subfield>
        </datafield>
        <datafield tag="337" ind1=" " ind2=" ">
            <subfield code="a">unmediated</subfield>
            <subfield code="2">rdamedia</subfield>
        </datafield>
        <datafield tag="338" ind1=" " ind2=" ">
            <subfield code="a">volume</subfield>
            <subfield code="2">rdacarrier</subfield>
        </datafield>
        <datafield tag="906" ind1=" " ind2=" ">
            <subfield code="a">7</subfield>
            <subfield code="b">cbc</subfield>
            <subfield code="c">orignew</subfield>
            <subfield code="d">1</subfield>
            <subfield code="e">ecip</subfield>
            <subfield code="f">20</subfield>
            <subfield code="g">y-gencatlg</subfield>
        </datafield>
        <datafield tag="925" ind1="0" ind2=" ">
            <subfield code="a">acquire</subfield>
            <subfield code="b">1 shelf copies</subfield>
            <subfield code="x">policy default</subfield>
        </datafield>
        <datafield tag="955" ind1=" " ind2=" ">
            <subfield code="b">rg17 2013-03-18</subfield>
            <subfield code="i">rg17 2013-03-20 (telework) to Dewey</subfield>
            <subfield code="w">rd06 2013-03-20</subfield>
            <subfield code="a">xn09 2013-11-06 copy rec'd CIP ver.</subfield>
            <subfield code="f">rm11 2013-11-14 CipVer</subfield>
            <subfield code="e">rm11 2013-11-14 to BCCD</subfield>
            <subfield code="a">rm13 2013-11-26 (rev)</subfield>
        </datafield>
    </record>