
    <record>
        <leader>02369cim a2200505 a 4500</leader>
        <controlfield tag="001">15039860</controlfield>
        <controlfield tag="003">LC</controlfield>
        <controlfield tag="005">20230613175746.0</controlfield>
        <controlfield tag="007">ss lunjlcmpnue</controlfield>
        <controlfield tag="008">071011s1994    nyunnn|        f  | eng d</controlfield>
        <datafield tag="010" ind1=" " ind2=" ">
            <subfield code="a">  2007658617</subfield>
        </datafield>
        <datafield tag="020" ind1=" " ind2=" ">
            <subfield code="a">0679427031</subfield>
        </datafield>
        <datafield tag="024" ind1="3" ind2=" ">
            <subfield code="a">9780679427032</subfield>
        </datafield>
        <datafield tag="028" ind1="0" ind2="2">
            <subfield code="a">RH 343</subfield>
            <subfield code="b">Random House AudioBooks</subfield>
        </datafield>
        <datafield tag="035" ind1=" " ind2=" ">
            <subfield code="a">(OCoLC)ocm30574958</subfield>
        </datafield>
        <datafield tag="040" ind1=" " ind2=" ">
            <subfield code="a">OCO</subfield>
            <subfield code="c">OCO</subfield>
            <subfield code="d">VHB</subfield>
            <subfield code="d">SVP</subfield>
            <subfield code="d">OCL</subfield>
            <subfield code="d">OCLCQ</subfield>
            <subfield code="d">BAKER</subfield>
            <subfield code="d">BTCTA</subfield>
            <subfield code="d">DLC</subfield>
            <subfield code="d">WaU</subfield>
        </datafield>
        <datafield tag="042" ind1=" " ind2=" ">
            <subfield code="a">lccopycat</subfield>
        </datafield>
        <datafield tag="043" ind1=" " ind2=" ">
            <subfield code="a">n-us-nm</subfield>
        </datafield>
        <datafield tag="050" ind1="0" ind2="0">
            <subfield code="a">RZC 0460</subfield>
        </datafield>
        <datafield tag="100" ind1="1" ind2=" ">
            <subfield code="a">McCarthy, Cormac,</subfield>
            <subfield code="d">1933-2023.</subfield>
        </datafield>
        <datafield tag="245" ind1="1" ind2="4">
            <subfield code="a">The crossing</subfield>
            <subfield code="h">[sound recording] /</subfield>
            <subfield code="c">by Cormac McCarthy.</subfield>
        </datafield>
        <datafield tag="260" ind1=" " ind2=" ">
            <subfield code="a">New York, NY :</subfield>
            <subfield code="b">Random House AudioBooks,</subfield>
            <subfield code="c">p1994.</subfield>
        </datafield>
        <datafield tag="300" ind1=" " ind2=" ">
            <subfield code="a">2 sound cassettes (3 hr.) :</subfield>
            <subfield code="b">analog.</subfield>
        </datafield>
        <datafield tag="306" ind1=" " ind2=" ">
            <subfield code="a">030000</subfield>
        </datafield>
        <datafield tag="490" ind1="1" ind2=" ">
            <subfield code="a">Border trilogy ;</subfield>
            <subfield code="v">v. 2</subfield>
        </datafield>
        <datafield tag="500" ind1=" " ind2=" ">
            <subfield code="a">Abridged.</subfield>
        </datafield>
        <datafield tag="500" ind1=" " ind2=" ">
            <subfield code="a">In container (18 cm.).</subfield>
        </datafield>
        <datafield tag="511" ind1="0" ind2=" ">
            <subfield code="a">Read by Brad Pitt.</subfield>
        </datafield>
        <datafield tag="520" ind1=" " ind2=" ">
            <subfield code="a">Billy and Boyd Parham are two boys living in New Mexico on the cusp of unimaginable events in the years before the Second World War. First comes a trespassing Indian and the dream of wolves running wild among cattle. Billy traps a she-wolf, intending to restore it to the mountains of New Mexico. But when he returns, he finds everything he left behind utterly transformed.</subfield>
        </datafield>
        <datafield tag="650" ind1=" " ind2="0">
            <subfield code="a">Boys</subfield>
            <subfield code="z">New Mexico</subfield>
            <subfield code="z">Hidalgo County</subfield>
            <subfield code="v">Fiction.</subfield>
        </datafield>
        <datafield tag="650" ind1=" " ind2="0">
            <subfield code="a">Human-animal relationships</subfield>
            <subfield code="z">New Mexico</subfield>
            <subfield code="z">Hidalgo County</subfield>
            <subfield code="v">Fiction.</subfield>
        </datafield>
        <datafield tag="650" ind1=" " ind2="0">
            <subfield code="a">Mexican wolf</subfield>
            <subfield code="z">New Mexico</subfield>
            <subfield code="z">Hidalgo County</subfield>
            <subfield code="v">Fiction.</subfield>
        </datafield>
        <datafield tag="650" ind1=" " ind2="0">
            <subfield code="a">Talking books.</subfield>
        </datafield>
        <datafield tag="650" ind1=" " ind2="0">
            <subfield code="a">Wilderness areas</subfield>
            <subfield code="z">New Mexico</subfield>
            <subfield code="z">Hidalgo County</subfield>
            <subfield code="v">Fiction.</subfield>
        </datafield>
        <datafield tag="651" ind1=" " ind2="0">
            <subfield code="a">Hidalgo County (N.M.)</subfield>
            <subfield code="v">Fiction.</subfield>
        </datafield>
        <datafield tag="655" ind1=" " ind2="7">
            <subfield code="a">Bildungsromans.</subfield>
            <subfield code="2">gsafd</subfield>
        </datafield>
        <datafield tag="655" ind1=" " ind2="7">
            <subfield code="a">Historical fiction.</subfield>
            <subfield code="2">gsafd</subfield>
        </datafield>
        <datafield tag="700" ind1="1" ind2=" ">
            <subfield code="a">Pitt, Brad,</subfield>
            <subfield code="d">1963-</subfield>
            <subfield code="4">nrt</subfield>
        </datafield>
        <datafield tag="800" ind1="1" ind2=" ">
            <subfield code="a">McCarthy, Cormac,</subfield>
            <subfield code="d">1933-2023.</subfield>
            <subfield code="t">Border trilogy ;</subfield>
            <subfield code="v">v. 2.</subfield>
        </datafield>
        <datafield tag="856" ind1="4" ind2="1">
            <subfield code="3">Sample text</subfield>
            <subfield code="u">http://www.loc.gov/catdir/enhancements/fy0804/2007658617-s.html</subfield>
        </datafield>
        <datafield tag="856" ind1="4" ind2="2">
            <subfield code="3">Contributor biographical information</subfield>
            <subfield code="u">http://www.loc.gov/catdir/enhancements/fy0804/2007658617-b.html</subfield>
        </datafield>
        <datafield tag="856" ind1="4" ind2="2">
            <subfield code="3">Publisher description</subfield>
            <subfield code="u">http://www.loc.gov/catdir/enhancements/fy0804/2007658617-d.html</subfield>
        </datafield>
        <datafield tag="906" ind1=" " ind2=" ">
            <subfield code="a">7</subfield>
            <subfield code="b">cbc</subfield>
            <subfield code="c">copycat</subfield>
            <subfield code="d">2</subfield>
            <subfield code="e">ncip</subfield>
            <subfield code="f">20</subfield>
            <subfield code="g">y-soundrec</subfield>
        </datafield>
        <datafield tag="925" ind1="0" ind2=" ">
            <subfield code="a">acquire</subfield>
            <subfield code="b">1 shelf copy</subfield>
            <subfield code="e">do not retain if CD copy is acquired</subfield>
            <subfield code="x">policy default</subfield>
        </datafield>
        <datafield tag="955" ind1=" " ind2=" ">
            <subfield code="a">qr30 2007-10-11 z-client</subfield>
            <subfield code="i">qr30 2007-10-11</subfield>
            <subfield code="e">qr30 2007-10-12 to MBRS</subfield>
        </datafield>
    </record>