
    <record>
        <leader>03535cam a2200733 i 4500</leader>
        <controlfield tag="001">22464972</controlfield>
        <controlfield tag="003">LC</controlfield>
        <controlfield tag="005">20230613175327.0</controlfield>
        <controlfield tag="008">220314t20222022nyu           000 1 eng d</controlfield>
        <datafield tag="010" ind1=" " ind2=" ">
            <subfield code="a">  2022934753</subfield>
        </datafield>
        <datafield tag="020" ind1=" " ind2=" ">
            <subfield code="a">0307268993</subfield>
            <subfield code="q">(hardcover)</subfield>
        </datafield>
        <datafield tag="020" ind1=" " ind2=" ">
            <subfield code="a">1524712396</subfield>
            <subfield code="q">(paperback)</subfield>
        </datafield>
        <datafield tag="020" ind1=" " ind2=" ">
            <subfield code="a">9780307268990</subfield>
            <subfield code="q">(hardcover)</subfield>
        </datafield>
        <datafield tag="020" ind1=" " ind2=" ">
            <subfield code="a">9781524712396</subfield>
            <subfield code="q">(open market)</subfield>
        </datafield>
        <datafield tag="020" ind1=" " ind2=" ">
            <subfield code="a">9781524712396</subfield>
            <subfield code="q">(paperback)</subfield>
        </datafield>
        <datafield tag="020" ind1=" " ind2=" ">
            <subfield code="z">9780593535226</subfield>
            <subfield code="q">(ebook)</subfield>
        </datafield>
        <datafield tag="035" ind1=" " ind2=" ">
            <subfield code="a">(OCoLC)on1347279895</subfield>
        </datafield>
        <datafield tag="040" ind1=" " ind2=" ">
            <subfield code="a">NjBwBT</subfield>
            <subfield code="b">eng</subfield>
            <subfield code="c">LNC</subfield>
            <subfield code="e">rda</subfield>
            <subfield code="d">LNC</subfield>
            <subfield code="d">LJW</subfield>
            <subfield code="d">YDX</subfield>
            <subfield code="d">WC4</subfield>
            <subfield code="d">BDX</subfield>
            <subfield code="d">MJ8</subfield>
            <subfield code="d">LIV</subfield>
            <subfield code="d">Y$5</subfield>
            <subfield code="d">OCO</subfield>
            <subfield code="d">SDG</subfield>
            <subfield code="d">GRA</subfield>
            <subfield code="d">CGB</subfield>
            <subfield code="d">IMT</subfield>
            <subfield code="d">YU6</subfield>
            <subfield code="d">MTG</subfield>
            <subfield code="d">LMJ</subfield>
            <subfield code="d">DEERP</subfield>
            <subfield code="d">VP@</subfield>
            <subfield code="d">IBI</subfield>
            <subfield code="d">ZP7</subfield>
            <subfield code="d">CDX</subfield>
            <subfield code="d">QGQ</subfield>
            <subfield code="d">YBM</subfield>
            <subfield code="d">TXSCH</subfield>
            <subfield code="d">QGQ</subfield>
            <subfield code="d">ORE</subfield>
            <subfield code="d">SINLB</subfield>
            <subfield code="d">OCLCF</subfield>
            <subfield code="d">TXKIL</subfield>
            <subfield code="d">ETC</subfield>
            <subfield code="d">MNN</subfield>
            <subfield code="d">NGU</subfield>
            <subfield code="d">NRC</subfield>
            <subfield code="d">YBM</subfield>
            <subfield code="d">DLC</subfield>
        </datafield>
        <datafield tag="042" ind1=" " ind2=" ">
            <subfield code="a">lccopycat</subfield>
        </datafield>
        <datafield tag="043" ind1=" " ind2=" ">
            <subfield code="a">n-usu--</subfield>
        </datafield>
        <datafield tag="050" ind1="0" ind2="0">
            <subfield code="a">PS3563.C337</subfield>
            <subfield code="b">P37 2022</subfield>
        </datafield>
        <datafield tag="082" ind1="0" ind2="4">
            <subfield code="a">813/.54</subfield>
            <subfield code="2">23/eng/20221003</subfield>
        </datafield>
        <datafield tag="084" ind1=" " ind2=" ">
            <subfield code="a">18.06</subfield>
            <subfield code="2">bcl</subfield>
        </datafield>
        <datafield tag="100" ind1="1" ind2=" ">
            <subfield code="a">McCarthy, Cormac,</subfield>
            <subfield code="d">1933-2023,</subfield>
            <subfield code="e">author.</subfield>
        </datafield>
        <datafield tag="245" ind1="1" ind2="4">
            <subfield code="a">The passenger /</subfield>
            <subfield code="c">Cormac McCarthy.</subfield>
        </datafield>
        <datafield tag="250" ind1=" " ind2=" ">
            <subfield code="a">First edition.</subfield>
        </datafield>
        <datafield tag="264" ind1=" " ind2="1">
            <subfield code="a">New York :</subfield>
            <subfield code="b">Alfred A. Knopf,</subfield>
            <subfield code="c">2022.</subfield>
        </datafield>
        <datafield tag="264" ind1=" " ind2="4">
            <subfield code="c">©2022</subfield>
        </datafield>
        <datafield tag="300" ind1=" " ind2=" ">
            <subfield code="a">383 pages ;</subfield>
            <subfield code="c">25 cm</subfield>
        </datafield>
        <datafield tag="336" ind1=" " ind2=" ">
            <subfield code="a">text</subfield>
            <subfield code="b">txt</subfield>
            <subfield code="2">rdacontent</subfield>
        </datafield>
        <datafield tag="337" ind1=" " ind2=" ">
            <subfield code="a">unmediated</subfield>
            <subfield code="b">n</subfield>
            <subfield code="2">rdamedia</subfield>
        </datafield>
        <datafield tag="338" ind1=" " ind2=" ">
            <subfield code="a">volume</subfield>
            <subfield code="b">nc</subfield>
            <subfield code="2">rdacarrier</subfield>
        </datafield>
        <datafield tag="500" ind1=" " ind2=" ">
            <subfield code="a">&quot;This is a Borzoi book&quot;--Title page verso.</subfield>
        </datafield>
        <datafield tag="520" ind1=" " ind2=" ">
            <subfield code="a">&quot;Pass Christian, Mississippi, 1980: It is three in the morning when Bobby Western zips up the jacket of his wet suit and plunges from a Coast Guard tender into darkness. His dive light illuminates the sunken jet, nine bodies still buckled in their seats, hair floating, eyes devoid of speculation. Missing from the crash site are the pilot's flight bag, the plane's black box, and the tenth passenger. But how? A collateral witness to machinations that can only bring him harm, Western is shadowed in body and spirit--by men with badges; by the ghost of his father, an inventor of the bomb that melted glass and flesh in Hiroshima; and by his sister, the love and ruin of his soul.&quot;--Dust jacket flap.</subfield>
        </datafield>
        <datafield tag="650" ind1=" " ind2="0">
            <subfield code="a">Aircraft accidents</subfield>
            <subfield code="v">Fiction.</subfield>
        </datafield>
        <datafield tag="650" ind1=" " ind2="0">
            <subfield code="a">American fiction</subfield>
            <subfield code="y">21st century.</subfield>
        </datafield>
        <datafield tag="650" ind1=" " ind2="0">
            <subfield code="a">Conspiracies</subfield>
            <subfield code="v">Fiction.</subfield>
        </datafield>
        <datafield tag="650" ind1=" " ind2="0">
            <subfield code="a">Divers</subfield>
            <subfield code="v">Fiction.</subfield>
        </datafield>
        <datafield tag="650" ind1=" " ind2="0">
            <subfield code="a">Siblings</subfield>
            <subfield code="v">Fiction.</subfield>
        </datafield>
        <datafield tag="650" ind1=" " ind2="7">
            <subfield code="a">Aircraft accidents</subfield>
            <subfield code="v">Fiction.</subfield>
            <subfield code="2">sears</subfield>
        </datafield>
        <datafield tag="650" ind1=" " ind2="7">
            <subfield code="a">Aircraft accidents.</subfield>
            <subfield code="2">fast</subfield>
            <subfield code="0">(OCoLC)fst00802778</subfield>
        </datafield>
        <datafield tag="650" ind1=" " ind2="7">
            <subfield code="a">Conspiracies.</subfield>
            <subfield code="2">fast</subfield>
            <subfield code="0">(OCoLC)fst00875715</subfield>
        </datafield>
        <datafield tag="650" ind1=" " ind2="7">
            <subfield code="a">Divers</subfield>
            <subfield code="v">Fiction.</subfield>
            <subfield code="2">sears</subfield>
        </datafield>
        <datafield tag="650" ind1=" " ind2="7">
            <subfield code="a">Divers.</subfield>
            <subfield code="2">fast</subfield>
            <subfield code="0">(OCoLC)fst00895693</subfield>
        </datafield>
        <datafield tag="650" ind1=" " ind2="7">
            <subfield code="a">FICTION / Literary.</subfield>
            <subfield code="2">bisacsh</subfield>
        </datafield>
        <datafield tag="650" ind1=" " ind2="7">
            <subfield code="a">Historical fiction.</subfield>
            <subfield code="2">lcgft</subfield>
        </datafield>
        <datafield tag="650" ind1=" " ind2="7">
            <subfield code="a">Novels.</subfield>
            <subfield code="2">lcgft</subfield>
        </datafield>
        <datafield tag="650" ind1=" " ind2="7">
            <subfield code="a">Political crimes and offenses</subfield>
            <subfield code="v">Fiction.</subfield>
            <subfield code="2">sears</subfield>
        </datafield>
        <datafield tag="650" ind1=" " ind2="7">
            <subfield code="a">Siblings</subfield>
            <subfield code="v">Fiction.</subfield>
            <subfield code="2">sears</subfield>
        </datafield>
        <datafield tag="650" ind1=" " ind2="7">
            <subfield code="a">Siblings.</subfield>
            <subfield code="2">fast</subfield>
            <subfield code="0">(OCoLC)fst00839671</subfield>
        </datafield>
        <datafield tag="651" ind1=" " ind2="0">
            <subfield code="a">Southern States</subfield>
            <subfield code="v">Fiction.</subfield>
        </datafield>
        <datafield tag="651" ind1=" " ind2="7">
            <subfield code="a">Southern States</subfield>
            <subfield code="v">Fiction.</subfield>
            <subfield code="2">sears</subfield>
        </datafield>
        <datafield tag="651" ind1=" " ind2="7">
            <subfield code="a">Southern States.</subfield>
            <subfield code="2">fast</subfield>
            <subfield code="0">(OCoLC)fst01244550</subfield>
        </datafield>
        <datafield tag="655" ind1=" " ind2="0">
            <subfield code="a">Historical fiction.</subfield>
        </datafield>
        <datafield tag="655" ind1=" " ind2="7">
            <subfield code="a">Fiction.</subfield>
            <subfield code="2">fast</subfield>
            <subfield code="0">(OCoLC)fst01423787</subfield>
        </datafield>
        <datafield tag="655" ind1=" " ind2="7">
            <subfield code="a">Historical fiction.</subfield>
            <subfield code="2">fast</subfield>
            <subfield code="0">(OCoLC)fst00957973</subfield>
        </datafield>
        <datafield tag="655" ind1=" " ind2="7">
            <subfield code="a">Historical fiction.</subfield>
            <subfield code="2">gsafd</subfield>
        </datafield>
        <datafield tag="655" ind1=" " ind2="7">
            <subfield code="a">Historical fiction.</subfield>
            <subfield code="2">lcgft</subfield>
        </datafield>
        <datafield tag="655" ind1=" " ind2="7">
            <subfield code="a">Novels.</subfield>
            <subfield code="2">fast</subfield>
            <subfield code="0">(OCoLC)fst01921742</subfield>
        </datafield>
        <datafield tag="655" ind1=" " ind2="7">
            <subfield code="a">Novels.</subfield>
            <subfield code="2">lcgft</subfield>
        </datafield>
        <datafield tag="655" ind1=" " ind2="7">
            <subfield code="a">Romans (teksten)</subfield>
            <subfield code="2">gtt</subfield>
            <subfield code="0">(NL-LeOCL)112192483</subfield>
        </datafield>
        <datafield tag="906" ind1=" " ind2=" ">
            <subfield code="a">7</subfield>
            <subfield code="b">cbc</subfield>
            <subfield code="c">copycat</subfield>
            <subfield code="d">2</subfield>
            <subfield code="e">epcn</subfield>
            <subfield code="f">20</subfield>
            <subfield code="g">y-gencatlg</subfield>
        </datafield>
        <datafield tag="925" ind1="0" ind2=" ">
            <subfield code="a">acquire</subfield>
            <subfield code="b">1 shelf copy</subfield>
            <subfield code="x">policy default</subfield>
        </datafield>
        <datafield tag="955" ind1=" " ind2=" ">
            <subfield code="b">xd12 2022-03-14</subfield>
            <subfield code="a">xn18 2023-01-23 1 copy rec'd., to USPRLL</subfield>
            <subfield code="b">xk02 2023-01-24 z-processor</subfield>
            <subfield code="i">xk02 2023-01-31 to Loan (Congressional Request)</subfield>
            <subfield code="s">xk06 2023-02-17 discard to LOAN</subfield>
        </datafield>
    </record>