
    <record>
        <leader>04775cam a2200913 i 4500</leader>
        <controlfield tag="001">22464976</controlfield>
        <controlfield tag="003">LC</controlfield>
        <controlfield tag="005">20230613180744.0</controlfield>
        <controlfield tag="007">ta</controlfield>
        <controlfield tag="008">220314t20222022nyu           000 1 eng d</controlfield>
        <datafield tag="010" ind1=" " ind2=" ">
            <subfield code="a">  2022934755</subfield>
        </datafield>
        <datafield tag="020" ind1=" " ind2=" ">
            <subfield code="a">0307269000</subfield>
            <subfield code="q">(hardcover)</subfield>
        </datafield>
        <datafield tag="020" ind1=" " ind2=" ">
            <subfield code="a">9780307269003</subfield>
            <subfield code="q">(hardcover)</subfield>
        </datafield>
        <datafield tag="020" ind1=" " ind2=" ">
            <subfield code="z">0593535235</subfield>
            <subfield code="q">(ebook)</subfield>
        </datafield>
        <datafield tag="020" ind1=" " ind2=" ">
            <subfield code="z">152471240X</subfield>
            <subfield code="q">(open market edition)</subfield>
        </datafield>
        <datafield tag="020" ind1=" " ind2=" ">
            <subfield code="z">9780593535233</subfield>
            <subfield code="q">(ebook)</subfield>
        </datafield>
        <datafield tag="020" ind1=" " ind2=" ">
            <subfield code="z">9781524712402</subfield>
            <subfield code="q">(open market edition)</subfield>
        </datafield>
        <datafield tag="035" ind1=" " ind2=" ">
            <subfield code="a">(OCoLC)on1334494437</subfield>
        </datafield>
        <datafield tag="037" ind1=" " ind2=" ">
            <subfield code="b">Random House Inc, Attn Order Entry 400 Hahn rd, Westminster, MD, USA, 21157</subfield>
            <subfield code="n">SAN 201-3975</subfield>
        </datafield>
        <datafield tag="040" ind1=" " ind2=" ">
            <subfield code="a">CNWPU</subfield>
            <subfield code="b">eng</subfield>
            <subfield code="c">CNWPU</subfield>
            <subfield code="e">rda</subfield>
            <subfield code="d">ORX</subfield>
            <subfield code="d">Y$5</subfield>
            <subfield code="d">LMJ</subfield>
            <subfield code="d">OCO</subfield>
            <subfield code="d">ZNS</subfield>
            <subfield code="d">IEU</subfield>
            <subfield code="d">OCLCF</subfield>
            <subfield code="d">JPL</subfield>
            <subfield code="d">IG$</subfield>
            <subfield code="d">RNL</subfield>
            <subfield code="d">ILC</subfield>
            <subfield code="d">ILO</subfield>
            <subfield code="d">CGB</subfield>
            <subfield code="d">MTG</subfield>
            <subfield code="d">CNCAR</subfield>
            <subfield code="d">BDX</subfield>
            <subfield code="d">VP@</subfield>
            <subfield code="d">YU6</subfield>
            <subfield code="d">JVU</subfield>
            <subfield code="d">ELO</subfield>
            <subfield code="d">TXENN</subfield>
            <subfield code="d">DAC</subfield>
            <subfield code="d">ETC</subfield>
            <subfield code="d">QJK</subfield>
            <subfield code="d">YDX</subfield>
            <subfield code="d">TXI</subfield>
            <subfield code="d">DEERP</subfield>
            <subfield code="d">OTP</subfield>
            <subfield code="d">FHP</subfield>
            <subfield code="d">GUA</subfield>
            <subfield code="d">TXSCH</subfield>
            <subfield code="d">DLC</subfield>
        </datafield>
        <datafield tag="042" ind1=" " ind2=" ">
            <subfield code="a">lccopycat</subfield>
        </datafield>
        <datafield tag="043" ind1=" " ind2=" ">
            <subfield code="a">n-us-wi</subfield>
        </datafield>
        <datafield tag="050" ind1="0" ind2="0">
            <subfield code="a">PS3563.C337</subfield>
            <subfield code="b">S74 2022</subfield>
        </datafield>
        <datafield tag="082" ind1="0" ind2="4">
            <subfield code="a">813/.54</subfield>
            <subfield code="2">23</subfield>
        </datafield>
        <datafield tag="100" ind1="1" ind2=" ">
            <subfield code="a">McCarthy, Cormac,</subfield>
            <subfield code="d">1933-2023,</subfield>
            <subfield code="e">author.</subfield>
        </datafield>
        <datafield tag="245" ind1="1" ind2="0">
            <subfield code="a">Stella Maris /</subfield>
            <subfield code="c">Cormac McCarthy.</subfield>
        </datafield>
        <datafield tag="250" ind1=" " ind2=" ">
            <subfield code="a">First edition.</subfield>
        </datafield>
        <datafield tag="264" ind1=" " ind2="1">
            <subfield code="a">New York :</subfield>
            <subfield code="b">Alfred A. Knopf,</subfield>
            <subfield code="c">2022.</subfield>
        </datafield>
        <datafield tag="264" ind1=" " ind2="4">
            <subfield code="c">©2022</subfield>
        </datafield>
        <datafield tag="300" ind1=" " ind2=" ">
            <subfield code="a">189 pages ;</subfield>
            <subfield code="c">25 cm</subfield>
        </datafield>
        <datafield tag="336" ind1=" " ind2=" ">
            <subfield code="a">text</subfield>
            <subfield code="b">txt</subfield>
            <subfield code="2">rdacontent</subfield>
        </datafield>
        <datafield tag="337" ind1=" " ind2=" ">
            <subfield code="a">unmediated</subfield>
            <subfield code="b">n</subfield>
            <subfield code="2">rdamedia</subfield>
        </datafield>
        <datafield tag="338" ind1=" " ind2=" ">
            <subfield code="a">volume</subfield>
            <subfield code="b">nc</subfield>
            <subfield code="2">rdacarrier</subfield>
        </datafield>
        <datafield tag="500" ind1=" " ind2=" ">
            <subfield code="a">&quot;This is a Borzoi book&quot;-- Title page verso.</subfield>
        </datafield>
        <datafield tag="500" ind1=" " ind2=" ">
            <subfield code="a">Sequel to: The Passenger.</subfield>
        </datafield>
        <datafield tag="520" ind1=" " ind2=" ">
            <subfield code="a">&quot;From the best-selling, Pulitzer Prize-winning author of The Road comes the second volume of a two-volume masterpiece: Stella Maris is an intimate portrait of grief and longing, as a young woman in a psychiatric facility seeks to understand her own existence. Black River Falls, Wisconsin, 1972: Alicia Western, twenty years old, with forty thousand dollars in a plastic bag, admits herself to the hospital. A doctoral candidate in mathematics at the University of Chicago, Alicia has been diagnosed with paranoid schizophrenia, and she does not want to talk about her brother, Bobby. Instead, she contemplates the nature of madness, the human insistence on one common experience of the world; she recalls a childhood where, by the age of seven, her own grandmother feared for her; she surveys the intersection of physics and philosophy; and she introduces her cohorts, her chimeras, the hallucinations that only she can see. All the while, she grieves for Bobby, not quite dead, not quite hers. Told entirely through the transcripts of Alicia's psychiatric sessions, Stella Maris is a searching, rigorous, intellectually challenging coda to The Passenger, a philosophical inquiry that questions our notions of God, truth, and existence&quot;--</subfield>
            <subfield code="c">Dust jacket flap.</subfield>
        </datafield>
        <datafield tag="650" ind1=" " ind2="0">
            <subfield code="a">Grief</subfield>
            <subfield code="v">Fiction.</subfield>
        </datafield>
        <datafield tag="650" ind1=" " ind2="0">
            <subfield code="a">Mental illness</subfield>
            <subfield code="v">Fiction.</subfield>
        </datafield>
        <datafield tag="650" ind1=" " ind2="0">
            <subfield code="a">Mentally ill women</subfield>
            <subfield code="v">Fiction.</subfield>
        </datafield>
        <datafield tag="650" ind1=" " ind2="0">
            <subfield code="a">Paranoid schizophrenia</subfield>
            <subfield code="v">Fiction.</subfield>
        </datafield>
        <datafield tag="650" ind1=" " ind2="0">
            <subfield code="a">Psychiatric hospitals</subfield>
            <subfield code="v">Fiction.</subfield>
        </datafield>
        <datafield tag="650" ind1=" " ind2="0">
            <subfield code="a">Schizophrenics</subfield>
            <subfield code="v">Fiction.</subfield>
        </datafield>
        <datafield tag="650" ind1=" " ind2="0">
            <subfield code="a">Siblings</subfield>
            <subfield code="v">Fiction.</subfield>
        </datafield>
        <datafield tag="650" ind1=" " ind2="0">
            <subfield code="a">Women doctoral students</subfield>
            <subfield code="v">Fiction.</subfield>
        </datafield>
        <datafield tag="650" ind1=" " ind2="0">
            <subfield code="a">Women mathematicians</subfield>
            <subfield code="v">Fiction.</subfield>
        </datafield>
        <datafield tag="650" ind1=" " ind2="0">
            <subfield code="a">Young women</subfield>
            <subfield code="v">Fiction.</subfield>
        </datafield>
        <datafield tag="650" ind1=" " ind2="7">
            <subfield code="a">FICTION / Literary.</subfield>
            <subfield code="2">bisacsh</subfield>
        </datafield>
        <datafield tag="650" ind1=" " ind2="7">
            <subfield code="a">Grief.</subfield>
            <subfield code="2">fast</subfield>
            <subfield code="0">(OCoLC)fst00947883</subfield>
        </datafield>
        <datafield tag="650" ind1=" " ind2="7">
            <subfield code="a">Mental illness.</subfield>
            <subfield code="2">fast</subfield>
            <subfield code="0">(OCoLC)fst0101654</subfield>
        </datafield>
        <datafield tag="650" ind1=" " ind2="7">
            <subfield code="a">Mentally ill women</subfield>
            <subfield code="v">Fiction.</subfield>
            <subfield code="2">lcgft</subfield>
        </datafield>
        <datafield tag="650" ind1=" " ind2="7">
            <subfield code="a">Mentally ill women.</subfield>
            <subfield code="2">fast</subfield>
            <subfield code="0">(OCoLC)fst01016823</subfield>
        </datafield>
        <datafield tag="650" ind1=" " ind2="7">
            <subfield code="a">Paranoid schizophrenia.</subfield>
            <subfield code="2">fast</subfield>
            <subfield code="0">(OCoLC)fst01053038</subfield>
        </datafield>
        <datafield tag="650" ind1=" " ind2="7">
            <subfield code="a">Psychiatric hospitals</subfield>
            <subfield code="v">Fiction.</subfield>
            <subfield code="2">sears</subfield>
        </datafield>
        <datafield tag="650" ind1=" " ind2="7">
            <subfield code="a">Psychiatric hospitals.</subfield>
            <subfield code="2">fast</subfield>
            <subfield code="0">(OCoLC)fst01081047</subfield>
        </datafield>
        <datafield tag="650" ind1=" " ind2="7">
            <subfield code="a">Schizophrenia</subfield>
            <subfield code="v">Fiction.</subfield>
            <subfield code="2">sears</subfield>
        </datafield>
        <datafield tag="650" ind1=" " ind2="7">
            <subfield code="a">Schizophrenics.</subfield>
            <subfield code="2">fast</subfield>
            <subfield code="0">(OCoLC)fst01106789</subfield>
        </datafield>
        <datafield tag="650" ind1=" " ind2="7">
            <subfield code="a">Siblings</subfield>
            <subfield code="2">fast</subfield>
            <subfield code="0">(OCoLC)fst00839671</subfield>
        </datafield>
        <datafield tag="650" ind1=" " ind2="7">
            <subfield code="a">Women doctoral students.</subfield>
            <subfield code="2">fast</subfield>
            <subfield code="0">(OCoLC)fst01921545</subfield>
        </datafield>
        <datafield tag="650" ind1=" " ind2="7">
            <subfield code="a">Women mathematicians.</subfield>
            <subfield code="2">fast</subfield>
            <subfield code="0">(OCoLC)fst01178130</subfield>
        </datafield>
        <datafield tag="650" ind1=" " ind2="7">
            <subfield code="a">Young women</subfield>
            <subfield code="v">Fiction.</subfield>
            <subfield code="2">sears</subfield>
        </datafield>
        <datafield tag="650" ind1=" " ind2="7">
            <subfield code="a">Young women.</subfield>
            <subfield code="2">fast</subfield>
            <subfield code="0">(OCoLC)fst01183301</subfield>
        </datafield>
        <datafield tag="651" ind1=" " ind2="0">
            <subfield code="a">Wisconsin</subfield>
            <subfield code="v">Fiction.</subfield>
        </datafield>
        <datafield tag="651" ind1=" " ind2="7">
            <subfield code="a">Wisconsin</subfield>
            <subfield code="v">Fiction.</subfield>
            <subfield code="2">sears</subfield>
        </datafield>
        <datafield tag="651" ind1=" " ind2="7">
            <subfield code="a">Wisconsin.</subfield>
            <subfield code="2">fast</subfield>
            <subfield code="0">(OCoLC)fst01204595</subfield>
        </datafield>
        <datafield tag="655" ind1=" " ind2="0">
            <subfield code="a">Historical fiction.</subfield>
        </datafield>
        <datafield tag="655" ind1=" " ind2="0">
            <subfield code="a">Psychological fiction.</subfield>
        </datafield>
        <datafield tag="655" ind1=" " ind2="7">
            <subfield code="a">Fiction.</subfield>
            <subfield code="2">fast</subfield>
            <subfield code="0">(OCoLC)fst01423787</subfield>
        </datafield>
        <datafield tag="655" ind1=" " ind2="7">
            <subfield code="a">Historical fiction.</subfield>
            <subfield code="2">fast</subfield>
            <subfield code="0">(OCoLC)fst01726640</subfield>
        </datafield>
        <datafield tag="655" ind1=" " ind2="7">
            <subfield code="a">Historical fiction.</subfield>
            <subfield code="2">gsafd</subfield>
        </datafield>
        <datafield tag="655" ind1=" " ind2="7">
            <subfield code="a">Historical fiction.</subfield>
            <subfield code="2">lcgft</subfield>
        </datafield>
        <datafield tag="655" ind1=" " ind2="7">
            <subfield code="a">Novels.</subfield>
            <subfield code="2">fast</subfield>
            <subfield code="0">(OCoLC)fst01921742</subfield>
        </datafield>
        <datafield tag="655" ind1=" " ind2="7">
            <subfield code="a">Novels.</subfield>
            <subfield code="2">lcgft</subfield>
        </datafield>
        <datafield tag="655" ind1=" " ind2="7">
            <subfield code="a">Psychological fiction.</subfield>
            <subfield code="2">fast</subfield>
            <subfield code="0">(OCoLC)fst01726481</subfield>
        </datafield>
        <datafield tag="655" ind1=" " ind2="7">
            <subfield code="a">Psychological fiction.</subfield>
            <subfield code="2">gsafd</subfield>
        </datafield>
        <datafield tag="655" ind1=" " ind2="7">
            <subfield code="a">Psychological fiction.</subfield>
            <subfield code="2">lcgft</subfield>
        </datafield>
        <datafield tag="906" ind1=" " ind2=" ">
            <subfield code="a">7</subfield>
            <subfield code="b">cbc</subfield>
            <subfield code="c">copycat</subfield>
            <subfield code="d">2</subfield>
            <subfield code="e">ncip</subfield>
            <subfield code="f">20</subfield>
            <subfield code="g">y-gencatlg</subfield>
        </datafield>
        <datafield tag="925" ind1="0" ind2=" ">
            <subfield code="a">acquire</subfield>
            <subfield code="b">1 shelf copy</subfield>
            <subfield code="x">policy default</subfield>
        </datafield>
        <datafield tag="955" ind1=" " ind2=" ">
            <subfield code="b">xd12 2022-03-14</subfield>
        </datafield>
        <datafield tag="955" ind1=" " ind2=" ">
            <subfield code="b">xk06 2023-02-17 z-processor</subfield>
            <subfield code="i">xk06 2023-02-17 to LOAN</subfield>
        </datafield>
    </record>