
    <record>
        <leader>00870cam a22002413u 4500</leader>
        <controlfield tag="001">23017180</controlfield>
        <controlfield tag="003">LC</controlfield>
        <controlfield tag="005">20231011062617.0</controlfield>
        <controlfield tag="008">230313s1994    nyu           000 0 eng  </controlfield>
        <datafield tag="010" ind1=" " ind2=" ">
            <subfield code="a">  2021775640</subfield>
        </datafield>
        <datafield tag="040" ind1=" " ind2=" ">
            <subfield code="a">DLC</subfield>
            <subfield code="b">eng</subfield>
            <subfield code="c">DLC</subfield>
        </datafield>
        <datafield tag="100" ind1="1" ind2=" ">
            <subfield code="a">McCarthy, Cormac,</subfield>
            <subfield code="d">1933-2023.</subfield>
        </datafield>
        <datafield tag="245" ind1="1" ind2="0">
            <subfield code="a">Stonemason:</subfield>
            <subfield code="b">A Play in five acts.</subfield>
        </datafield>
        <datafield tag="260" ind1=" " ind2=" ">
            <subfield code="a">New York :</subfield>
            <subfield code="b">Ecco,</subfield>
            <subfield code="c">1994.</subfield>
        </datafield>
        <datafield tag="300" ind1=" " ind2=" ">
            <subfield code="a">1 v.</subfield>
        </datafield>
        <datafield tag="561" ind1=" " ind2=" ">
            <subfield code="a">Berry-Campbell copy: [What may be a remainder mark on bottom edge].</subfield>
            <subfield code="5">DLC</subfield>
        </datafield>
        <datafield tag="561" ind1=" " ind2=" ">
            <subfield code="a">LC copy: Donated to the Library by Gene Berry and Jeffrey Campbell.</subfield>
            <subfield code="5">DLC</subfield>
        </datafield>
        <datafield tag="710" ind1="2" ind2=" ">
            <subfield code="a">Gene Berry and Jeffrey Campbell Collection (Library of Congress)</subfield>
            <subfield code="5">DLC</subfield>
        </datafield>
        <datafield tag="906" ind1=" " ind2=" ">
            <subfield code="a">7</subfield>
            <subfield code="b">cbc</subfield>
            <subfield code="c">premunv</subfield>
            <subfield code="d">u</subfield>
            <subfield code="e">ncip</subfield>
            <subfield code="f">19</subfield>
            <subfield code="g">y-genrareb</subfield>
        </datafield>
        <datafield tag="952" ind1=" " ind2=" ">
            <subfield code="a">LAC knj 2023-03-13 create (1 card)</subfield>
        </datafield>
        <datafield tag="952" ind1=" " ind2=" ">
            <subfield code="a">LAC knj 2023-06-24 update (1 card)</subfield>
        </datafield>
        <datafield tag="955" ind1=" " ind2=" ">
            <subfield code="u">he18 2023-10-11 TW situational</subfield>
        </datafield>
        <datafield tag="985" ind1=" " ind2=" ">
            <subfield code="a">rblacfederal</subfield>
            <subfield code="d">20230313</subfield>
        </datafield>
    </record>