
    <record>
        <leader>01336cam a2200301 a 4500</leader>
        <controlfield tag="001">14471704</controlfield>
        <controlfield tag="003">LC</controlfield>
        <controlfield tag="005">20230613175233.0</controlfield>
        <controlfield tag="008">060728s2006    nyu           000 1 eng  </controlfield>
        <datafield tag="010" ind1=" " ind2=" ">
            <subfield code="a">  2006049148</subfield>
        </datafield>
        <datafield tag="020" ind1=" " ind2=" ">
            <subfield code="a">0307278360</subfield>
        </datafield>
        <datafield tag="020" ind1=" " ind2=" ">
            <subfield code="a">9780307278364</subfield>
        </datafield>
        <datafield tag="035" ind1=" " ind2=" ">
            <subfield code="a">(OCoLC)ocm70831105</subfield>
        </datafield>
        <datafield tag="040" ind1=" " ind2=" ">
            <subfield code="a">DLC</subfield>
            <subfield code="c">DLC</subfield>
            <subfield code="d">YDX</subfield>
            <subfield code="d">BAKER</subfield>
            <subfield code="d">DLC</subfield>
        </datafield>
        <datafield tag="050" ind1="0" ind2="0">
            <subfield code="a">PS3563.C337</subfield>
            <subfield code="b">S86 2006</subfield>
        </datafield>
        <datafield tag="082" ind1="0" ind2="0">
            <subfield code="a">813/.54</subfield>
            <subfield code="2">22</subfield>
        </datafield>
        <datafield tag="100" ind1="1" ind2=" ">
            <subfield code="a">McCarthy, Cormac,</subfield>
            <subfield code="d">1933-2023.</subfield>
        </datafield>
        <datafield tag="245" ind1="1" ind2="4">
            <subfield code="a">The Sunset Limited :</subfield>
            <subfield code="b">a novel in dramatic form /</subfield>
            <subfield code="c">Cormac McCarthy.</subfield>
        </datafield>
        <datafield tag="250" ind1=" " ind2=" ">
            <subfield code="a">1st Vintage International ed.</subfield>
        </datafield>
        <datafield tag="260" ind1=" " ind2=" ">
            <subfield code="a">New York :</subfield>
            <subfield code="b">Vintage Books,</subfield>
            <subfield code="c">2006.</subfield>
        </datafield>
        <datafield tag="300" ind1=" " ind2=" ">
            <subfield code="a">143 p. ;</subfield>
            <subfield code="c">21 cm.</subfield>
        </datafield>
        <datafield tag="500" ind1=" " ind2=" ">
            <subfield code="a">&quot;A Vintage International original.&quot;</subfield>
        </datafield>
        <datafield tag="856" ind1="4" ind2="1">
            <subfield code="3">Sample text</subfield>
            <subfield code="u">http://www.loc.gov/catdir/enhancements/fy0701/2006049148-s.html</subfield>
        </datafield>
        <datafield tag="856" ind1="4" ind2="2">
            <subfield code="3">Contributor biographical information</subfield>
            <subfield code="u">http://www.loc.gov/catdir/enhancements/fy0701/2006049148-b.html</subfield>
        </datafield>
        <datafield tag="856" ind1="4" ind2="2">
            <subfield code="3">Publisher description</subfield>
            <subfield code="u">http://www.loc.gov/catdir/enhancements/fy0701/2006049148-d.html</subfield>
        </datafield>
        <datafield tag="906" ind1=" " ind2=" ">
            <subfield code="a">7</subfield>
            <subfield code="b">cbc</subfield>
            <subfield code="c">orignew</subfield>
            <subfield code="d">1</subfield>
            <subfield code="e">ocip</subfield>
            <subfield code="f">20</subfield>
            <subfield code="g">y-gencatlg</subfield>
        </datafield>
        <datafield tag="925" ind1="0" ind2=" ">
            <subfield code="a">acquire</subfield>
            <subfield code="b">2 shelf copies</subfield>
            <subfield code="x">policy default</subfield>
        </datafield>
        <datafield tag="955" ind1=" " ind2=" ">
            <subfield code="a">pc22 2006-07-28 to HLCD</subfield>
            <subfield code="c">lk09 2006-07-31 to subj.</subfield>
            <subfield code="d">lh03 2006-08-02</subfield>
            <subfield code="e">lh03 2006-08-02 to Dewey</subfield>
            <subfield code="a">aa05 2006-08-02</subfield>
            <subfield code="a">ps05 2006-11-15 1 copy rec'd., to CIP ver.</subfield>
            <subfield code="f">pv01 2006-12-06 Z-CipVer</subfield>
            <subfield code="a">sp10 2007-07-25 copy 2 added</subfield>
        </datafield>
    </record>