
    <record>
        <leader>03735cam a2200733 i 4500</leader>
        <controlfield tag="001">21222329</controlfield>
        <controlfield tag="003">LC</controlfield>
        <controlfield tag="005">20230613175200.0</controlfield>
        <controlfield tag="008">190930t20202019nyu           000 e eng d</controlfield>
        <datafield tag="010" ind1=" " ind2=" ">
            <subfield code="a">  2019951661</subfield>
        </datafield>
        <datafield tag="020" ind1=" " ind2=" ">
            <subfield code="a">0374261164</subfield>
            <subfield code="q">(hardcover)</subfield>
        </datafield>
        <datafield tag="020" ind1=" " ind2=" ">
            <subfield code="a">9780374261160</subfield>
            <subfield code="q">(hardcover)</subfield>
        </datafield>
        <datafield tag="024" ind1="3" ind2=" ">
            <subfield code="a">9780374261160</subfield>
        </datafield>
        <datafield tag="035" ind1=" " ind2=" ">
            <subfield code="a">(OCoLC)on1102159445</subfield>
        </datafield>
        <datafield tag="040" ind1=" " ind2=" ">
            <subfield code="a">YDX</subfield>
            <subfield code="b">eng</subfield>
            <subfield code="c">YDX</subfield>
            <subfield code="e">rda</subfield>
            <subfield code="d">EXR</subfield>
            <subfield code="d">UUM</subfield>
            <subfield code="d">NYP</subfield>
            <subfield code="d">VP@</subfield>
            <subfield code="d">OCLCF</subfield>
            <subfield code="d">YDXIT</subfield>
            <subfield code="d">IAZ</subfield>
            <subfield code="d">AMH</subfield>
            <subfield code="d">BUF</subfield>
            <subfield code="d">DLC</subfield>
        </datafield>
        <datafield tag="042" ind1=" " ind2=" ">
            <subfield code="a">lccopycat</subfield>
        </datafield>
        <datafield tag="050" ind1="0" ind2="0">
            <subfield code="a">PR6123.O527</subfield>
            <subfield code="b">A6 2020</subfield>
        </datafield>
        <datafield tag="082" ind1="0" ind2="4">
            <subfield code="a">824.92</subfield>
            <subfield code="2">23</subfield>
        </datafield>
        <datafield tag="100" ind1="1" ind2=" ">
            <subfield code="a">Wood, James,</subfield>
            <subfield code="d">1965-</subfield>
            <subfield code="e">author.</subfield>
        </datafield>
        <datafield tag="240" ind1="1" ind2="0">
            <subfield code="a">Essays.</subfield>
            <subfield code="k">Selections</subfield>
        </datafield>
        <datafield tag="245" ind1="1" ind2="0">
            <subfield code="a">Serious noticing :</subfield>
            <subfield code="b">selected essays, 1997-2019 /</subfield>
            <subfield code="c">James Wood.</subfield>
        </datafield>
        <datafield tag="250" ind1=" " ind2=" ">
            <subfield code="a">First American edition.</subfield>
        </datafield>
        <datafield tag="264" ind1=" " ind2="1">
            <subfield code="a">New York :</subfield>
            <subfield code="b">Farrar, Straus and Giroux,</subfield>
            <subfield code="c">2020.</subfield>
        </datafield>
        <datafield tag="264" ind1=" " ind2="4">
            <subfield code="c">©2019</subfield>
        </datafield>
        <datafield tag="300" ind1=" " ind2=" ">
            <subfield code="a">vi, 510 pages ;</subfield>
            <subfield code="c">22 cm</subfield>
        </datafield>
        <datafield tag="336" ind1=" " ind2=" ">
            <subfield code="a">text</subfield>
            <subfield code="b">txt</subfield>
            <subfield code="2">rdacontent</subfield>
        </datafield>
        <datafield tag="337" ind1=" " ind2=" ">
            <subfield code="a">unmediated</subfield>
            <subfield code="b">n</subfield>
            <subfield code="2">rdamedia</subfield>
        </datafield>
        <datafield tag="338" ind1=" " ind2=" ">
            <subfield code="a">volume</subfield>
            <subfield code="b">nc</subfield>
            <subfield code="2">rdacarrier</subfield>
        </datafield>
        <datafield tag="500" ind1=" " ind2=" ">
            <subfield code="a">&quot;These essays originally appeared, in slightly different form, in The New Yorker, London Review of Books, and The New Republic&quot;--Title page verso.</subfield>
        </datafield>
        <datafield tag="500" ind1=" " ind2=" ">
            <subfield code="a">Originally published in 2019 by Vintage, Great Britain, as Serious noticing: selected essays.</subfield>
        </datafield>
        <datafield tag="505" ind1="0" ind2="0">
            <subfield code="t">Fun stuff: homage to Keith Moon --</subfield>
            <subfield code="t">What Chekhov meant by life --</subfield>
            <subfield code="t">Serious noticing --</subfield>
            <subfield code="t">Saul Bellow's comic style --</subfield>
            <subfield code="t">Anna Karenina and characterization --</subfield>
            <subfield code="t">Joseph Roth's empire of signs --</subfield>
            <subfield code="t">Paul Auster's shallowness --</subfield>
            <subfield code="t">Hysterical realism --</subfield>
            <subfield code="t">Bohumil Hrabal's comic world --</subfield>
            <subfield code="t">George Orwell's very English revolution --</subfield>
            <subfield code="t">Jane Austen's heroic consciousness --</subfield>
            <subfield code="t">Cormac McCarthy's the road --</subfield>
            <subfield code="t">Reality examined to the point of madness': László Krasznahorkai --</subfield>
            <subfield code="t">Wounder and wounded --</subfield>
            <subfield code="t">On not going home -- Other side of silence: rereading W. G. Sebald --</subfield>
            <subfield code="t">Becoming them --</subfield>
            <subfield code="t">Don Quixote's old and new testaments --</subfield>
            <subfield code="t">Dostoevsky's god --</subfield>
            <subfield code="t">Helen Garner's savage honesty --</subfield>
            <subfield code="t">All and the if: God and metaphor in Melville --</subfield>
            <subfield code="t">Elena Ferrante --</subfield>
            <subfield code="t">Virginia Woolf's Mysticism --</subfield>
            <subfield code="t">Job existed: Primo Levi --</subfield>
            <subfield code="t">Marilynne Robinson --</subfield>
            <subfield code="t">Ismail Kadare --</subfield>
            <subfield code="t">Jenny Erpenbeck --</subfield>
            <subfield code="t">Packing my father-in-law's library.</subfield>
        </datafield>
        <datafield tag="600" ind1="1" ind2="0">
            <subfield code="a">Austen, Jane,</subfield>
            <subfield code="d">1775-1817.</subfield>
        </datafield>
        <datafield tag="600" ind1="1" ind2="0">
            <subfield code="a">Auster, Paul,</subfield>
            <subfield code="d">1947-</subfield>
        </datafield>
        <datafield tag="600" ind1="1" ind2="0">
            <subfield code="a">Bellow, Saul.</subfield>
        </datafield>
        <datafield tag="600" ind1="1" ind2="0">
            <subfield code="a">Chekhov, Anton Pavlovich,</subfield>
            <subfield code="d">1860-1904.</subfield>
        </datafield>
        <datafield tag="600" ind1="1" ind2="0">
            <subfield code="a">Dostoyevsky, Fyodor,</subfield>
            <subfield code="d">1821-1881.</subfield>
        </datafield>
        <datafield tag="600" ind1="1" ind2="0">
            <subfield code="a">Erpenbeck, Jenny,</subfield>
            <subfield code="d">1967-</subfield>
        </datafield>
        <datafield tag="600" ind1="1" ind2="0">
            <subfield code="a">Ferrante, Elena.</subfield>
        </datafield>
        <datafield tag="600" ind1="1" ind2="0">
            <subfield code="a">Garner, Helen,</subfield>
            <subfield code="d">1942-</subfield>
        </datafield>
        <datafield tag="600" ind1="1" ind2="0">
            <subfield code="a">Hrabal, Bohumil,</subfield>
            <subfield code="d">1914-1997.</subfield>
        </datafield>
        <datafield tag="600" ind1="1" ind2="0">
            <subfield code="a">Kadare, Ismail.</subfield>
        </datafield>
        <datafield tag="600" ind1="1" ind2="0">
            <subfield code="a">Krasznahorkai, László.</subfield>
        </datafield>
        <datafield tag="600" ind1="1" ind2="0">
            <subfield code="a">Levi, Primo.</subfield>
        </datafield>
        <datafield tag="600" ind1="1" ind2="0">
            <subfield code="a">Moon, Keith,</subfield>
            <subfield code="d">1946-1978.</subfield>
        </datafield>
        <datafield tag="600" ind1="1" ind2="0">
            <subfield code="a">Orwell, George,</subfield>
            <subfield code="d">1903-1950.</subfield>
        </datafield>
        <datafield tag="600" ind1="1" ind2="0">
            <subfield code="a">Quixote,</subfield>
            <subfield code="c">Don (Fictitious character)</subfield>
        </datafield>
        <datafield tag="600" ind1="1" ind2="0">
            <subfield code="a">Robinson, Marilynne.</subfield>
        </datafield>
        <datafield tag="600" ind1="1" ind2="0">
            <subfield code="a">Roth, Joseph,</subfield>
            <subfield code="d">1894-1939.</subfield>
        </datafield>
        <datafield tag="600" ind1="1" ind2="0">
            <subfield code="a">Sebald, W. G.</subfield>
            <subfield code="q">(Winfried Georg),</subfield>
            <subfield code="d">1944-2001.</subfield>
        </datafield>
        <datafield tag="600" ind1="1" ind2="0">
            <subfield code="a">Woolf, Virginia,</subfield>
            <subfield code="d">1882-1941.</subfield>
        </datafield>
        <datafield tag="648" ind1=" " ind2="7">
            <subfield code="a">1900-2099</subfield>
            <subfield code="2">fast</subfield>
        </datafield>
        <datafield tag="650" ind1=" " ind2="0">
            <subfield code="a">English essays</subfield>
            <subfield code="y">20th century.</subfield>
        </datafield>
        <datafield tag="650" ind1=" " ind2="0">
            <subfield code="a">English essays</subfield>
            <subfield code="y">21st century.</subfield>
        </datafield>
        <datafield tag="650" ind1=" " ind2="0">
            <subfield code="a">Literature</subfield>
            <subfield code="x">History and criticism.</subfield>
        </datafield>
        <datafield tag="650" ind1=" " ind2="7">
            <subfield code="a">English essays.</subfield>
            <subfield code="2">fast</subfield>
            <subfield code="0">(OCoLC)fst00910809</subfield>
        </datafield>
        <datafield tag="650" ind1=" " ind2="7">
            <subfield code="a">Literature.</subfield>
            <subfield code="2">fast</subfield>
            <subfield code="0">(OCoLC)fst00999953</subfield>
        </datafield>
        <datafield tag="655" ind1=" " ind2="7">
            <subfield code="a">Criticism, interpretation, etc.</subfield>
            <subfield code="2">fast</subfield>
            <subfield code="0">(OCoLC)fst01411635</subfield>
        </datafield>
        <datafield tag="655" ind1=" " ind2="7">
            <subfield code="a">Essays.</subfield>
            <subfield code="2">fast</subfield>
            <subfield code="0">(OCoLC)fst01919922</subfield>
        </datafield>
        <datafield tag="655" ind1=" " ind2="7">
            <subfield code="a">Essays.</subfield>
            <subfield code="2">lcgft</subfield>
        </datafield>
        <datafield tag="700" ind1="1" ind2="2">
            <subfield code="a">McCarthy, Cormac,</subfield>
            <subfield code="d">1933-2023.</subfield>
            <subfield code="t">Road.</subfield>
        </datafield>
        <datafield tag="700" ind1="1" ind2="2">
            <subfield code="a">Tolstoy, Leo,</subfield>
            <subfield code="c">graf,</subfield>
            <subfield code="d">1828-1910.</subfield>
            <subfield code="t">Anna Karenina.</subfield>
        </datafield>
        <datafield tag="906" ind1=" " ind2=" ">
            <subfield code="a">7</subfield>
            <subfield code="b">cbc</subfield>
            <subfield code="c">copycat</subfield>
            <subfield code="d">2</subfield>
            <subfield code="e">ncip</subfield>
            <subfield code="f">20</subfield>
            <subfield code="g">y-gencatlg</subfield>
        </datafield>
        <datafield tag="925" ind1="0" ind2=" ">
            <subfield code="a">acquire</subfield>
            <subfield code="b">1 shelf copy</subfield>
            <subfield code="x">policy default</subfield>
        </datafield>
        <datafield tag="955" ind1=" " ind2=" ">
            <subfield code="b">xd07 2019-09-30</subfield>
            <subfield code="a">xn11 2020-02-19 1 copy rec'd., to USPRLL</subfield>
            <subfield code="b">xk12 2020-02-25 z-processor</subfield>
            <subfield code="i">xk02 2020-09-18 to CALM (telework/OT)</subfield>
        </datafield>
    </record>
</collection>
